2592 4400
606 366 780 439 ’'17⁶-

255 549 296 626 1)
322 548 437 611 Utitur
459 547 592 626 quidem
613 547 786 614 Eunodius
805 547 960 610 adverbio
982 547 1178 622 abscondite.

209 666 242 726 p.
260 654 310 710 86.
329 667 359 723 2.
1096 705 1100 710 .

254 749 297 824 2)
322 747 526 809 Abscondito
548 754 597 808 est
619 748 753 808 omnino
782 746 1028 808 substantivum
1050 747 1085 807 in
1107 765 1182 808 casu

209 847 353 910 ablativo
367 848 389 908 l.
407 867 435 908 c.
448 866 480 925 p.
496 865 546 924 50.
566 866 603 921 9:
625 846 782 908 videbant
797 845 910 906 aether
925 852 1058 906 tantum
1083 846 1181 907 direc-

209 948 253 1008 tis
267 967 286 1008 a
300 967 335 1009 se
349 947 466 1008 iaculis
480 946 656 1008 verberari.
673 946 727 1007 his
741 964 783 1006 ne
804 945 917 1006 liceret
938 945 1130 1007 infelicibus
1149 946 1183 1006 in

209 1049 371 1108 malorum
385 1055 520 1108 actuum
535 1047 760 1108 consolatione
775 1053 898 1106 secrete
912 1044 1107 1120 delitiscere,
1124 1046 1183 1108 lib

210 1149 255 1210 ris
277 1148 395 1209 vestris
418 1148 589 1208 nudantur
612 1144 804 1207 abscondito
826 1153 859 1206 et
883 1164 941 1224 per
955 1165 1015 1207 vos
1036 1146 1072 1206 in
1096 1147 1183 1225 turpi

210 1249 297 1309 facto
320 1248 441 1308 habere
462 1248 523 1308 soli
549 1246 762 1308 solitudinem
786 1265 853 1306 non
878 1245 1035 1307 sinuntur
1057 1246 1183 1308 dicente

210 1347 271 1408 deo
285 1347 320 1406 in
335 1346 526 1425 evangelio:
555 1345 695 1406 “omnis
710 1345 817 1406 malus
831 1343 902 1405 odit
917 1345 1062 1406 lucem.''
1111 1348 1184 1406 Hoc

210 1446 342 1526 quidem
364 1447 436 1507 loco
459 1446 629 1507 nudantur
654 1445 846 1506 abscondito
871 1445 914 1506 ad
935 1445 1035 1523 verba
1060 1454 1184 1507 secreto

209 1547 390 1607 delitiscere
425 1553 574 1624 spectant
610 1545 763 1623 idemque
799 1544 910 1607 valent
946 1565 984 1606 ac
1011 1545 1184 1624 privantur

209 1648 280 1707 loco
295 1646 352 1707 ubi
367 1646 563 1707 delitiscunt.
582 1646 624 1706 cf.
638 1645 759 1707 habere
770 1646 982 1706 solitudinem
993 1664 1060 1706 non
1072 1646 1184 1707 sinun-

211 1754 276 1807 tur.

252 1847 297 1923 3)
323 1844 526 1906 Abscondito
540 1845 664 1923 pariter
678 1845 763 1904 nihil
778 1844 954 1906 aliudesse
964 1852 1074 1924 potest
1086 1863 1184 1924 quam

210 1945 455 2007 substantivum
469 1945 504 2005 in
518 1963 598 2006 casu
613 1944 758 2006 ablativo
779 1945 801 2006 l.
817 1964 845 2006 c.
864 1964 896 2023 p.
916 1950 966 2023 78.
998 1964 1053 2006 12:
1079 1945 1184 2006 occul·

210 2046 273 2107 tari
297 2065 331 2107 se
354 2064 421 2106 non
432 2046 558 2123 patitur
581 2046 691 2107 fetura
709 2044 870 2106 sublimis.
892 2044 992 2106 decus
1010 2046 1090 2106 clari
1111 2065 1184 2107 san-

210 2146 322 2225 guinis
336 2165 402 2207 non
419 2153 549 2208 tenetur
572 2144 775 2208 abscondito.
792 2165 860 2207 vox
882 2145 1025 2207 mundae
1046 2146 1188 2226 originis

210 2248 286 2308 licet
307 2247 342 2307 in
363 2247 544 2308 recessibus
565 2265 693 2324 semper
714 2246 859 2308 auditur.
907 2246 974 2308 Hic
1009 2266 1087 2308 vero
1131 2247 1188 2308 ab·

211 2347 359 2408 scondito
374 2347 461 2408 idem
476 2346 641 2425 significat
657 2366 695 2407 ac
709 2354 800 2408 statu
815 2346 964 2420 obscuro,
984 2354 1022 2408 ut
1038 2347 1188 2408 luculen-

211 2454 261 2507 ter
274 2455 423 2509 constat:
448 2467 515 2509 vox
530 2447 674 2507 mundae
690 2447 828 2526 originis
848 2447 925 2508 licet
946 2447 981 2507 in
1003 2447 1190 2508 recessibus

211 2565 338 2625 semper
352 2547 497 2607 auditur.
545 2548 664 2608 Nonne
679 2546 871 2607 abscondito
881 2547 991 2608 verbis
1006 2547 1041 2607 in
1053 2548 1191 2608 recessi-

211 2645 273 2707 bus
288 2646 368 2707 satis
382 2647 590 2725 explicatur?

252 2746 298 2823 4)
323 2746 365 2807 ci.
380 2748 465 2825 Vog.
482 2746 555 2807 Ind.
569 2747 620 2807 ad.
634 2746 713 2807 edit.
727 2746 857 2813 Ennod.
871 2766 898 2808 s.
914 2768 959 2821 v.,
978 2747 1036 2807 ubi
1051 2748 1193 2809 abscon-

210 2847 280 2907 dito
294 2854 436 2924 utroque
450 2846 486 2906 in
501 2847 572 2908 loco
590 2846 604 2923 (
614 2865 664 2924 50.
683 2865 702 2921 9
722 2854 756 2907 et
779 2852 829 2924 78.
852 2848 913 2924 12)
938 2846 1195 2910 substantivum

211 2947 362 3008 habetur.

253 3046 295 3123 5)
320 3045 363 3106 cf.
381 3042 543 3106 Thesaur.
562 3045 660 3124 Ling.
679 3048 753 3112 Lat.
770 3046 834 3106 vol.
854 3047 881 3107 l.
901 3045 994 3106 Fasc.
1017 3048 1044 3106 I.
1068 3065 1103 3125 p.
1133 3053 1195 3126 167

211 3166 237 3208 S.
255 3167 286 3208 v.
306 3146 517 3208 abscondito:
545 3145 636 3207 “vix
652 3163 712 3225 pro
727 3146 801 3208 adv.
818 3145 939 3207 habere
954 3145 1042 3208 licet.
1062 3149 1139 3210 Htl.
1157 3169 1195 3228 p.

211 3253 283 3324 446·
301 3249 356 3307 8·’'

251 3349 489 3408 Verumtamen
518 3346 623 3406 multa
652 3354 686 3406 et
715 3346 811 3407 utilia
840 3346 875 3406 in
904 3345 989 3407 libro
1015 3346 1200 3425 Augustin

212 3445 337 3508 Dubois
366 3445 506 3506 inveniri
535 3453 673 3524 possunt
685 3468 693 3519 3
728 3464 892 3524 omneque
920 3453 1085 3524 punctum
1113 3451 1201 3513 tulit

211 3548 359 3626 scriptor,
385 3564 461 3607 cum
482 3546 612 3607 disserit
638 3545 718 3625 (pp.
748 3564 816 3621 129.
845 3547 927 3624 130)
946 3545 987 3607 de
1003 3548 1201 3612 Deminuti-

212 3664 329 3708 vorum
345 3645 542 3711 Ennodiano
553 3663 634 3707 usu:
662 3648 747 3709 “On
762 3653 844 3724 peut
859 3646 941 3707 faire
955 3646 1204 3713 d’interessan-
