2592 4400
685 435 840 492 -,4„

277 597 434 675 urgendis
449 605 487 657 ut
502 597 696 674 diligentius
709 598 744 658 in
759 598 908 659 studium
928 599 1114 660 litterarum
1136 601 1237 667 Latin·

277 715 371 757 arum
406 697 608 771 incumbant,
647 697 695 757 sic
729 697 917 758 indicantur
951 705 984 759 et
1019 699 1238 760 describuntur

276 797 482 875 eloquentiae
506 796 724 876 dictionisque
745 798 894 876 magistri
906 802 931 860 :¹
975 795 1154 860 “Tulliani
1174 817 1237 877 pro-

277 896 425 957 funditas
453 896 606 975 gurgitiS,
639 897 746 976 Crispi
775 897 968 976 proprietas,
1001 900 1148 960 Maronis
1180 900 1237 959 elo-

276 997 448 1075 quentia.''
476 995 520 1064 Et
530 996 594 1058 alio
602 997 637 1057 in
647 998 736 1058 loco²
748 997 847 1058 semel
856 997 1041 1077 iterumque
1050 999 1238 1079 discipulum

275 1097 428 1158 hortatur
443 1104 480 1157 ut
499 1098 520 1125 “
531 1097 664 1158 lectioni
678 1096 817 1158 devotus
828 1100 848 1125 ’'
867 1098 997 1159 insistat
1008 1117 1075 1177 quo
1086 1098 1239 1160 maturius

275 1197 481 1276 eloquentiae
513 1198 660 1258 fructum
694 1204 818 1276 carpat,
850 1198 1027 1277 statimqne
1059 1200 1112 1259 his
1140 1197 1239 1260 verbis

275 1297 442 1376 increpat:
470 1297 641 1375 “pulchra
664 1304 743 1357 sunt
766 1314 851 1375 quae
872 1298 998 1372 scribis
1016 1299 1074 1359 sed
1097 1318 1158 1377 ego
1172 1314 1239 1358 amo

274 1398 351 1476 plus
375 1397 493 1458 fortia:
517 1397 677 1458 redemita
704 1405 782 1458 sunt
811 1395 948 1458 floribus
975 1399 1033 1459 sed
1054 1418 1151 1477 poma
1171 1398 1238 1477 plus

275 1498 387 1576 diligo.
395 1501 437 1538 ”⁸
473 1501 545 1558 Imo
559 1516 636 1559 vero
650 1517 711 1576 pro
724 1498 822 1576 culpa
834 1506 945 1559 censet
959 1499 988 1560 si
1002 1500 1078 1576 quis
1091 1499 1132 1561 de
1153 1496 1239 1560 bonis

276 1598 402 1659 artibus
423 1599 634 1676 neglegenter
655 1617 691 1658 se
704 1617 817 1676 gerere
838 1597 990 1659 videatur
1003 1602 1030 1660 :4
1058 1600 1174 1659 “nihil
1193 1601 1237 1656 est

275 1699 435 1760 bonarum
451 1699 582 1772 artium,
594 1698 683 1776 quod
697 1698 821 1759 nescire
832 1699 902 1759 sine
913 1700 1140 1778 neglegentiae
1149 1699 1239 1774 culpa

275 1799 444 1878 possitis.”
470 1798 514 1864 Et
529 1798 608 1859 alibi
623 1797 756 1877 quidem
770 1805 903 1877 propter
927 1799 1092 1879 propriam
1118 1794 1237 1860 dicendi

275 1898 532 1960 mediocritatem
544 1898 674 1960 veniam
684 1899 830 1977 postulat
843 1921 850 1959 ε
877 1901 898 1927 “
910 1899 954 1964 Et
965 1899 1087 1961 nedum
1098 1901 1133 1960 in
1143 1918 1193 1959 me
1201 1893 1238 1955 ad

275 1998 388 2060 florem
417 1999 543 2060 venerit
577 2005 697 2059 natura
732 1999 897 2072 facundia,
929 2007 962 2060 et
990 2019 1122 2078 pressus
1149 2013 1238 2060 onere

276 2099 401 2178 gratiae
424 2099 570 2160 solvendi
594 2099 726 2159 deserar
750 2099 917 2173 facultate,
942 2101 1112 2161 committo
1135 2109 1237 2160 tamen

275 2201 427 2277 cymbam
448 2207 581 2261 tenuem
601 2199 730 2278 placido
752 2200 895 2260 mari.”⁵
950 2204 1100 2263 Iamvero
1123 2220 1187 2263 nna
1208 2195 1238 2255 in

276 2300 418 2380 epistula
440 2300 617 2365 Sallustius
646 2301 782 2379 Crispus
811 2309 860 2361 ter
874 2301 996 2361 citatur
1025 2309 1125 2380 atque
1146 2294 1237 2362 semel

274 2401 374 2462 etiam
389 2401 593 2461 nominatim.
640 2400 812 2467 Ennodius
827 2401 960 2479 insuper
974 2401 1088 2461 eadem
1107 2403 1142 2462 in
1161 2396 1239 2477 epis·

275 2501 346 2562 tula
360 2500 539 2561 sententias
553 2500 690 2564 Sallusti
705 2518 782 2561 suas
796 2500 903 2561 facere
917 2500 1048 2563 videtur
1067 2519 1184 2580 easque
1205 2500 1239 2553 ut

275 2607 469 2678 argumenta
484 2600 638 2661 adhibere
668 2600 789 2679 quibus
802 2618 863 2660 sua
885 2600 926 2660 ad
947 2619 1090 2662 sororem
1112 2594 1240 2663 consilia

274 2701 525 2761 corroborentur
538 2703 564 2761 :⁶
592 2702 749 2760 “Rerum
772 2701 920 2760 omnium
944 2719 1061 2763 cursus
1082 2693 1239 2777 obsequiis

275 2802 429 2880 corporis,
447 2801 631 2861 animarum
645 2807 774 2862 constat
798 2801 954 2879 imperio:
978 2802 1069 2862 aliud
1093 2797 1239 2862 nobilitat
1284 2831 1285 2868 3

274 2902 423 2962 caelestis
438 2900 601 2974 adfinitas,
619 2900 711 2960 aliud
726 2900 865 2961 abiectio
880 2907 1008 2961 terrena
1026 2894 1234 2962 summittit.”

305 3133 357 3185 lcf.
376 3131 488 3185 Ennod.
507 3130 559 3184 Ed.
577 3132 649 3197 Vog.
668 3147 695 3197 p.
709 3132 756 3193 24,
775 3131 813 3181 19
829 3128 941 3196 sq.-cf.
955 3130 996 3182 Id.
1010 3131 1078 3184 ibid.
1091 3148 1118 3199 p.
1130 3133 1177 3192 53,
1191 3124 1239 3181 13;

275 3214 342 3276 313,
357 3214 408 3273 10;
421 3213 468 3274 25,
481 3213 528 3263 21.

304 3308 358 3363 ²cf.
371 3308 482 3362 Ennod.
495 3307 537 3361 ed.
550 3309 622 3374 Vog.
635 3325 663 3374 p.
676 3310 723 3371 20,
737 3310 783 3359 aa.
1283 3289 1284 3350 l

304 3410 358 3463 ³cf.
371 3408 482 3462 Ennod.
495 3408 537 3460 ed.
550 3410 623 3475 Vog.
635 3425 664 3475 p.
676 3410 725 3471 20,
737 3411 774 3459 35
786 3424 829 3474 sq.

304 3511 357 3564 ⁴cf.
371 3509 482 3563 Ennod.
495 3508 537 3561 ed.
551 3510 623 3575 Vog.
635 3526 663 3576 p.
676 3510 724 3572 21,
738 3510 784 3561 12.

303 3611 358 3665 ⁵cf.
371 3610 483 3664 Ennod.
494 3609 537 3661 ed.
551 3610 623 3675 Vog.
635 3627 664 3675 p.
676 3612 724 3672 39,
738 3611 775 3663 12
786 3626 829 3676 sq.

304 3712 357 3765 ‘cf
371 3710 483 3764 Ennod.
494 3710 538 3762 ed.
551 3711 623 3777 Vog.
635 3727 664 3777 p.
677 3712 744 3774 216,
757 3713 775 3764 2
786 3726 829 3777 sq.
