2592 4400
503 411 657 471 ,15-

92 581 176 641 -ci
202 579 284 644 Sall.
303 580 375 641 Cat.
402 581 430 638 I.
457 580 582 638 Iterum
595 581 619 638 :¹
661 579 681 604 “
694 577 784 638 Hinc
813 576 950 654 Crispus
979 577 1074 638 adse·

8 750 11 754 ,
93 684 160 744 ruit
197 683 291 744 aliud
326 682 421 742 nobis
456 699 532 741 cum
561 680 622 755 dis,
655 681 746 741 aliud
774 698 850 740 cum
872 679 978 740 beluis
999 699 1071 744 esse

94 782 411 845 commune.'’—ci.
444 782 522 847 Sall.
555 782 627 844 Cat.
657 802 683 842 1.
710 801 739 842 2.
764 780 876 859 Atque
907 780 1068 843 iterum:2

98 884 174 950 “Et
196 884 279 945 dum
300 883 468 943 internos
489 900 593 942 unum
615 882 698 943 velle
719 889 752 942 et
775 899 880 941 unum
894 881 980 941 nolle
994 901 1070 942 con·
1139 925 1144 938 .

95 983 353 1045 stiterit.”—cf.
372 983 450 1046 Sall.
469 983 541 1044 Cat.
561 1001 610 1056 20,
629 1002 660 1058 4.
706 982 856 1060 Denique
867 981 902 1041 in
913 983 1074 1060 opusculo

96 1084 244 1151 Libellus
257 1103 319 1162 pro
328 1082 463 1159 Synodo
470 1081 628 1161 inscripto
636 1082 709 1143 loca
717 1078 873 1142 Tulliana
882 1081 917 1141 in
926 1081 1075 1142 medium

96 1185 285 1263 saepissime
298 1183 544 1262 proferuntur.8
811 1178 813 1183 ’

137 1284 313 1350 Ennodius
336 1291 446 1342 autem
469 1302 535 1343 non
557 1283 664 1344 solum
687 1282 863 1356 Ciceronis,
880 1283 1017 1346 Sallusti
1038 1290 1072 1343 et

98 1385 224 1463 Vergili
254 1383 409 1462 operibus
437 1403 471 1443 se
499 1382 629 1444 assidue
657 1383 795 1457 dedisse,
826 1383 883 1443 sed
911 1384 1011 1443 etiam
1036 1383 1072 1442 in

97 1485 246 1546 studium
259 1483 390 1556 Horati,
404 1483 513 1556 Ovidi,
526 1483 663 1556 Lucani,
676 1483 854 1557 IuvenaliS,
868 1483 1070 1558 Symmachi,

99 1585 285 1658 Claudiani,
304 1583 443 1656 Ausoni,
461 1581 586 1657 Sidoni,
604 1583 728 1657 Seduli,
747 1584 951 1662 aliorumque
972 1584 1072 1662 scrip-

99 1693 208 1746 torum
223 1683 412 1745 incubuisse
427 1683 589 1744 videtur.⁴
624 1686 713 1744 Bene
726 1684 830 1761 igitur
841 1683 1072 1745 animadvertit

100 1785 268 1846 Norden:⁵
297 1786 317 1813 “
331 1783 511 1858 Ennodius,
529 1783 587 1844 der
605 1783 764 1844 ebenfalls
778 1802 906 1861 grosses
922 1785 1073 1846 Gewicht

100 1886 158 1946 aui
182 1885 237 1945 die
262 1883 428 1951 Lektuere
452 1884 521 1962 legt
550 1881 672 1960 (fluxit
696 1902 802 1944 sermo
827 1903 893 1944 non
916 1884 1070 1958 absonus,

99 1985 249 2047 lectionis
264 1991 374 2044 tamen
390 1983 507 2062 opibus
522 1983 730 2063 ampliandus
744 1984 887 2044 schreibt
901 2003 936 2044 er
950 1984 1073 2045 seinem

101 2085 221 2146 Neffen
236 2103 287 2163 ep.
306 2085 367 2146 VI.
387 2084 457 2160 23,)
475 2085 534 2145 hat
548 2104 613 2145 von
628 2085 742 2146 Cicero
756 2085 886 2162 gelesen
900 2085 1007 2145 sicher
1021 2085 1074 2146 die

103 2186 251 2248 Buecher
267 2187 316 2246 De
331 2187 468 2247 Oratore
483 2185 552 2246 und
566 2185 674 2263 einige
697 2185 809 2246 Reden
835 2184 887 2261 (in
910 2185 988 2259 Pis,
1013 2205 1075 2264 pro

103 2288 234 2349 Cluent.
267 2286 310 2346 cf.
330 2286 464 2347 Hartels
479 2286 586 2346 Index
602 2285 671 2346 und
685 2286 738 2346 die
752 2282 955 2346 Testimonia
969 2305 1002 2364 p.
1020 2290 1071 2362 46,

105 2407 174 2464 290,
194 2405 266 2461 291,
284 2386 383 2447 sowie
396 2386 460 2445 den
476 2385 612 2464 Aniang
626 2386 684 2446 der
699 2386 799 2446 dictio
816 2405 832 2445 2
848 2405 881 2464 p.
895 2405 958 2462 430
969 2385 1075 2447 Credo

103 2507 164 2565 ego
178 2504 249 2559 voS,
268 2486 386 2546 fratres
399 2486 568 2560 carissimi,
586 2486 734 2546 venerari
749 2493 811 2546 etc.
828 2486 915 2546 nach
929 2485 997 2547 cie.
1015 2504 1075 2564 pro

105 2590 199 2649 Rosc.
218 2585 262 2646 A.
281 2588 309 2646 I.
328 2586 433 2648 Credo
448 2605 509 2664 ego
524 2605 592 2660 vos,
610 2586 745 2659 iudices,
764 2585 887 2658 mirari,
905 2586 1005 2647 sowie
1020 2605 1071 2664 ep.

106 2690 151 2747 ΙΙ.
170 2692 189 2747 6
204 2687 240 2746 in
254 2705 288 2764 p.
306 2690 347 2761 46
362 2703 534 2763 quousque
548 2692 679 2745 tantum
702 2684 812 2744 licebit
834 2684 1078 2746 abstinentiae?

106 2803 277 2865 quousque
292 2786 380 2845 fama
394 2785 514 2845 nobilis
531 2833 537 2845 .
558 2833 565 2845 .
586 2833 592 2846 .
611 2785 811 2846 veterescet?
825 2785 910 2844 nach
925 2784 960 2844 in
976 2785 1073 2846 Catil.

107 2889 134 2947 I.
152 2889 207 2947 I.’'
254 2885 320 2949 Sed
335 2885 377 2944 ad
392 2905 489 2963 opera
503 2886 574 2964 ipsa
589 2892 803 2945 transeamus

135 3033 187 3086 ¹cs.
200 3032 314 3086 Ennod.
326 3032 369 3085 ed.
383 3034 454 3100 Vog.
467 3051 494 3100 p.
508 3035 576 3097 216,
588 3036 606 3085 5
623 3050 665 3099 sq.

136 3114 188 3170 ¹cf,
201 3115 315 3169 Ennod.
327 3116 369 3180 ed,
383 3117 455 3183 Vog.
468 3134 495 3183 p.
509 3118 576 3181 216,
589 3119 628 3169 20
639 3133 681 3183 sq.

137 3197 188 3252 ³cf.
201 3197 315 3251 Ennod.
333 3199 374 3250 ed.
393 3200 465 3266 Vog.
483 3216 510 3266 p.
528 3201 576 3263 49,
589 3200 626 3250 11
638 3216 680 3266 sq.
702 3199 776 3262 (Cic.
789 3199 823 3250 de
834 3200 881 3250 Or.
894 3198 916 3250 Ι.
929 3201 976 3261 24,
990 3199 1077 3259 112);

110 3280 140 3334 ci.
153 3283 193 3335 Id.
211 3281 280 3333 ibid.
299 3298 326 3347 p.
345 3284 392 3345 58,
406 3283 442 3333 11
459 3283 532 3345 (Cic.
545 3281 693 3349 pro'Cael.
706 3285 733 3345 3,
746 3283 794 3345 6);
805 3281 839 3333 cf.
852 3282 893 3333 Id.
906 3281 974 3333 ibid.
986 3299 1014 3348 p.
1027 3283 1078 3342 50,

112 3366 210 3417 17-20
231 3364 306 3425 (Cic.
324 3381 378 3431 pro
395 3365 546 3418 Cluentsc.
566 3367 613 3429 57,
631 3373 661 3418 et
672 3367 754 3417 Brut.
767 3367 856 3429 242);
867 3364 900 3417 cf.
914 3366 954 3418 ld.
967 3364 1034 3417 ibid.
1047 3381 1077 3430 p.

112 3449 155 3512 51,
167 3451 205 3501 22
221 3448 295 3513 (Cic.
308 3442 363 3514 pro
375 3448 451 3500 Cael.
465 3452 491 3512 9,
505 3450 565 3513 22.)

137 3530 189 3584 ⁴cs.
202 3532 276 3598 Vog.
290 3530 367 3583 Edit.
381 3530 493 3585 Ennod.
506 3548 554 3598 pp.
567 3534 635 3595 332,
650 3534 718 3583 333.

138 3613 190 3667 ⁸ci.
208 3614 241 3667 E.
258 3613 382 3678 Norden,
399 3615 448 3666 Die
464 3615 568 3667 Antike
585 3614 783 3679 Kunstprosa,
800 3614 923 3681 Leipzig,
942 3615 1027 3675 1898,
1040 3612 1079 3663 11.

111 3714 137 3764 p.
149 3699 214 3749 641.
227 3700 255 3750 2.
