2592 4400
677 453 719 462 -
734 439 775 496 90
788 453 827 462 ..

473 605 503 672 β.
529 618 627 678 QUAE
648 619 792 665 eremum
814 617 1028 668 Lssoun'rvn:

294 767 375 804 APUD
387 766 541 804 ENNODIUM
749 765 828 803 APUD
839 750 1060 803 nmnomuu¹

614 871 815 932 cellariolum
951 871 1177 949 pectusculum

613 972 791 1033 ciliciolum
950 971 1107 1050 pileolum

613 1072 932 1133 commonitoriolum
953 1071 1158 1150 pittaciolum

613 1172 849 1233 dextraliolum
953 1171 1185 1250 praetoriolum

613 1273 881 1333 monasteriolum
952 1272 1141 1333 scriniolum

614 1372 840 1434 mortariolum
954 1372 1115 1433 tectulum

613 1472 855 1534 olfactoriolum
956 1471 1226 1551 tuguriunculum

614 1573 883 1653 patrimoniolum

308 1689 343 1755 si
372 1689 475 1768 igitur
496 1689 700 1753 deminutiva
727 1692 921 1769 permulta,²
940 1689 1062 1769 quibus
1083 1707 1160 1750 usus
1188 1696 1232 1749 est
1284 1684 1285 1713 ³

269 1790 503 1866 Hieronymus,
522 1797 621 1871 atque
636 1790 778 1851 facilitas
792 1808 859 1869 qua
879 1810 965 1852 nova
991 1789 1081 1863 iecit,
1109 1789 1232 1852 assidue

267 1897 465 1969 spectentur,
484 1891 626 1952 multum
642 1890 840 1952 discriminis
859 1908 936 1951 eum
950 1890 1036 1951 inter
1051 1897 1084 1951 et
1106 1888 1230 1957 Ennod-
1284 1916 1285 1921 ¹

267 1990 336 2050 ium
351 2009 420 2052 esse
435 1997 573 2052 constat.
598 1993 644 2054 Ut
660 1992 697 2055 C.
715 1991 864 2052 Paucker
885 1990 984 2052 verba
999 2010 1072 2051 mea
1087 1990 1230 2051 faciamz³

271 2090 363 2152 “vix
378 2092 446 2152 ullo
461 2090 718 2154 derivativorum
732 2092 767 2152 in
782 2109 901 2170 genere
924 2090 1148 2166 Hieronymus
1168 2097 1233 2150 tam

268 2191 373 2253 multa
387 2211 446 2271 pro
460 2191 610 2271 portione
632 2191 775 2253 ostendit
797 2191 949 2271 exempla
970 2191 1033 2271 ipsi
1062 2188 1234 2271 peculiaria

268 2299 326 2354 aut
341 2310 482 2371 quorum
496 2292 591 2355 nobis
606 2300 720 2353 auctor
734 2293 777 2353 sit
792 2292 945 2371 primus.
978 2342 984 2356 .
1018 2293 1092 2355 ,ita
1107 2291 1233 2369 utplus

268 2392 441 2472 septimam
455 2400 582 2471 partem
597 2393 756 2467 omnium,
775 2410 857 2472 quas
871 2412 890 2454 e
904 2392 1017 2454 latinis
1038 2392 1143 2453 literis
1163 2410 1231 2467 cog-

268 2493 355 2554 nitas
369 2493 529 2554 habemus
557 2493 729 2554 nominum
751 2493 1024 2572 appellativorum
1046 2493 1167 2554 formas
1183 2490 1231 2550 de-

269 2593 448 2655 minutivas
463 2593 689 2669 Hieronymus
703 2593 854 2655 videatur
876 2592 1101 2654 adhibuisse.”
1127 2593 1232 2657 Sermo

269 2711 346 2753 vero
361 2691 577 2759 Ennodianus
591 2693 724 2777 gravior
745 2699 799 2753 est,
824 2710 923 2771 quam
945 2699 984 2753 ut
1004 2692 1155 2771 linguam
1168 2690 1231 2751 vul-

269 2811 381 2871 garem
416 2793 514 2853 nimis
542 2793 659 2872 sapiat.
706 2792 806 2871 Apud
837 2793 1080 2868 Hieronymum
1109 2793 1233 2869 insuper

269 2893 380 2972 agitur
395 2893 436 2954 de
450 2901 607 2972 quattuor
618 2894 832 2955 deminutivis
853 2912 953 2972 prave
968 2893 1120 2954 formatis
1132 2895 1158 2955 :⁴
1174 2897 1232 2952 cat·

269 2995 377 3067 enula,
395 2994 570 3068 fuscinula,
587 2994 792 3068 humerulus,
818 2994 1105 3072 tuguriunculum.
1150 2992 1233 3053 Iden

300 3141 352 3196 ¹cf.
367 3144 403 3195 H.
416 3142 539 3207 Goelzer,
552 3160 578 3195 o.
590 3160 614 3196 c.
626 3160 674 3211 pp.
689 3146 735 3207 14,
749 3146 795 3195 15.

299 3226 352 3279 lci.
365 3230 402 3279 H.
416 3227 537 3289 Goelzer,
551 3244 577 3279 o.
589 3244 612 3279 c.
625 3244 653 3294 p.
667 3229 739 3280 125:
757 3227 805 3278 “ll
816 3228 865 3293 n’y
882 3244 902 3279 a
916 3243 970 3293 pas
992 3227 1067 3279 dans
1088 3226 1119 3279 la
1138 3226 1232 3290 langue

268 3311 403 3365 latinede
414 3310 525 3364 derives
537 3311 611 3365 dont
626 3312 706 3364 saint
713 3310 825 3377 Jerdme
840 3327 870 3363 se
890 3310 950 3369 soit
965 3310 1041 3363 servi
1057 3310 1122 3378 plus
1142 3306 1231 3361 volon-

268 3395 346 3448 tiers.
378 3396 443 3447 Non
453 3394 609 3448 seulement
619 3394 638 3446 il
649 3411 683 3447 en
695 3412 715 3447 a
724 3396 785 3447 eree
799 3394 919 3446 environ
939 3394 1097 3461 cinquante
1112 3408 1185 3461 pour
1202 3404 1232 3440 sa

268 3486 345 3546 part,
359 3479 432 3531 mais
443 3478 463 3529 il
473 3494 508 3530 en
519 3495 539 3530 a
548 3480 700 3545 emprunte
722 3495 761 3530 un
782 3478 902 3531 nombre
911 3477 1110 3531 considerable
1122 3493 1178 3530 aux
1189 3469 1231 3525 dis·

269 3561 388 3614 ferentes
399 3561 529 3629 periodes
540 3561 574 3614 de
584 3561 615 3613 la
624 3561 758 3629 langue.’'

299 3644 354 3698 ³cf.
369 3645 400 3699 C.
415 3644 551 3708 Paucker,
565 3646 604 3697 De
616 3646 683 3699 Lat.
696 3647 728 3697 B.
742 3645 818 3697 Hier.
831 3661 859 3711 p.
871 3645 918 3696 57.

300 3727 353 3781 *ci
366 3729 402 3779 Η.
416 3726 539 3791 Goelzer,
552 3743 579 3781 0.
591 3744 613 3779 c.
626 3744 674 3795 pp.
688 3729 755 3789 127,
769 3730 835 3779 128.
