<?xml version="1.0" encoding="UTF-8"?>
<!DOCTYPE html PUBLIC "-//W3C//DTD XHTML 1.0 Transitional//EN"
    "http://www.w3.org/TR/xhtml1/DTD/xhtml1-transitional.dtd">
<html xmlns="http://www.w3.org/1999/xhtml" xml:lang="en" lang="en">
 <head>
  <title>
</title>
<meta http-equiv="Content-Type" content="text/html;charset=utf-8" />
  <meta name='ocr-system' content='tesseract 3.04.00' />
  <meta name='ocr-capabilities' content='ocr_page ocr_carea ocr_par ocr_line ocrx_word'/>
</head>
<body>
  <div class='ocr_page' id='page_1' title='image "./desermoneennodi01trahgoog_0025.png"; bbox 0 0 2592 4400; ppageno 0'>
   <div class='ocr_carea' id='block_1_1' title="bbox 493 409 645 468">
    <p class='ocr_par' dir='ltr' id='par_1_1' title="bbox 493 409 645 468">
     <span class='ocr_line' id='line_1_1' title="bbox 493 409 645 468; baseline 0.013 -36"><span class='ocrx_word' id='word_1_1' title='bbox 493 409 645 468; x_wconf 58' lang='grc' dir='ltr'>,η-</span> 
     </span>
    </p>
   </div>
   <div class='ocr_carea' id='block_1_2' title="bbox 128 562 819 654">
    <p class='ocr_par' dir='ltr' id='par_1_2' title="bbox 128 562 819 654">
     <span class='ocr_line' id='line_1_2' title="bbox 128 562 819 654; baseline 0.003 -18"><span class='ocrx_word' id='word_1_2' title='bbox 128 575 188 650; x_wconf 90' lang='lat' dir='ltr'>(De</span> <span class='ocrx_word' id='word_1_3' title='bbox 201 562 334 638; x_wconf 87' lang='lat' dir='ltr'>haeresi</span> <span class='ocrx_word' id='word_1_4' title='bbox 353 574 562 636; x_wconf 87' lang='lat' dir='ltr'>ecclesiarum</span> <span class='ocrx_word' id='word_1_5' title='bbox 577 576 819 654; x_wconf 87' lang='lat' dir='ltr'>orientalium).</span> 
     </span>
    </p>
   </div>
   <div class='ocr_carea' id='block_1_3' title="bbox 424 737 716 776">
    <p class='ocr_par' dir='ltr' id='par_1_3' title="bbox 424 737 716 776">
     <span class='ocr_line' id='line_1_3' title="bbox 424 737 716 776; baseline 0.01 -3"><span class='ocrx_word' id='word_1_6' title='bbox 424 737 451 776; x_wconf 87' lang='lat' dir='ltr'>B.</span> <span class='ocrx_word' id='word_1_7' title='bbox 482 737 716 776; x_wconf 72' lang='lat' dir='ltr'>scnoLns&#39;rrcAB.</span> 
     </span>
    </p>
   </div>
   <div class='ocr_carea' id='block_1_4' title="bbox 20 843 1055 2210">
    <p class='ocr_par' dir='ltr' id='par_1_4' title="bbox 20 843 1055 2210">
     <span class='ocr_line' id='line_1_4' title="bbox 22 843 1055 923; baseline 0.006 -21"><span class='ocrx_word' id='word_1_8' title='bbox 22 915 23 922; x_wconf 8' lang='grc' dir='ltr'>ἵ</span> <span class='ocrx_word' id='word_1_9' title='bbox 124 845 159 903; x_wconf 91' lang='lat' dir='ltr'>In</span> <span class='ocrx_word' id='word_1_10' title='bbox 173 844 387 906; x_wconf 81' lang='lat' dir='ltr'>dedicatione</span> <span class='ocrx_word' id='word_1_11' title='bbox 409 843 574 916; x_wconf 89' lang='lat' dir='ltr'>auditorii,</span> <span class='ocrx_word' id='word_1_12' title='bbox 594 844 727 923; x_wconf 90' lang='lat' dir='ltr'>quando</span> <span class='ocrx_word' id='word_1_13' title='bbox 750 845 791 905; x_wconf 89' lang='lat' dir='ltr'>ad</span> <span class='ocrx_word' id='word_1_14' title='bbox 815 846 924 906; x_wconf 86' lang='lat' dir='ltr'>forum</span> <span class='ocrx_word' id='word_1_15' title='bbox 950 854 1055 909; x_wconf 92' lang='lat' dir='ltr'>trans·</span> 
     </span>
     <span class='ocr_line' id='line_1_5' title="bbox 21 942 342 1015; baseline 0.012 -16"><span class='ocrx_word' id='word_1_16' title='bbox 21 953 23 998; x_wconf 69' lang='lat' dir='ltr'>t</span> <span class='ocrx_word' id='word_1_17' title='bbox 86 942 157 1004; x_wconf 90' lang='lat' dir='ltr'>latio</span> <span class='ocrx_word' id='word_1_18' title='bbox 171 946 259 1015; x_wconf 82' lang='lat' dir='ltr'>facta</span> <span class='ocrx_word' id='word_1_19' title='bbox 277 951 342 1004; x_wconf 88' lang='lat' dir='ltr'>est.</span> 
     </span>
     <span class='ocr_line' id='line_1_6' title="bbox 20 1021 1054 1123; baseline 0.007 -21"><span class='ocrx_word' id='word_1_20' title='bbox 20 1021 22 1044; x_wconf 23' lang='grc' dir='ltr'>ι</span> <span class='ocrx_word' id='word_1_21' title='bbox 123 1045 286 1106; x_wconf 86' lang='lat' dir='ltr'>Praefatio</span> <span class='ocrx_word' id='word_1_22' title='bbox 302 1044 393 1104; x_wconf 89' lang='lat' dir='ltr'>dicta</span> <span class='ocrx_word' id='word_1_23' title='bbox 409 1045 569 1123; x_wconf 86' lang='lat' dir='ltr'>Lupicino</span> <span class='ocrx_word' id='word_1_24' title='bbox 581 1044 714 1123; x_wconf 89' lang='lat' dir='ltr'>quando</span> <span class='ocrx_word' id='word_1_25' title='bbox 730 1045 764 1104; x_wconf 94' lang='lat' dir='ltr'>in</span> <span class='ocrx_word' id='word_1_26' title='bbox 776 1047 940 1108; x_wconf 88' lang='lat' dir='ltr'>auditorio</span> <span class='ocrx_word' id='word_1_27' title='bbox 954 1049 1054 1110; x_wconf 87' lang='lat' dir='ltr'>tradi-</span> 
     </span>
     <span class='ocr_line' id='line_1_7' title="bbox 85 1142 385 1204; baseline 0.007 -4"><span class='ocrx_word' id='word_1_28' title='bbox 85 1148 133 1202; x_wconf 88' lang='lat' dir='ltr'>tus</span> <span class='ocrx_word' id='word_1_29' title='bbox 146 1151 193 1204; x_wconf 89' lang='lat' dir='ltr'>est</span> <span class='ocrx_word' id='word_1_30' title='bbox 210 1142 385 1204; x_wconf 90' lang='lat' dir='ltr'>Deuterio.</span> 
     </span>
     <span class='ocr_line' id='line_1_8' title="bbox 122 1241 1052 1323; baseline 0.008 -21"><span class='ocrx_word' id='word_1_31' title='bbox 122 1244 285 1305; x_wconf 87' lang='lat' dir='ltr'>Praefatio</span> <span class='ocrx_word' id='word_1_32' title='bbox 301 1242 435 1321; x_wconf 89' lang='lat' dir='ltr'>quando</span> <span class='ocrx_word' id='word_1_33' title='bbox 450 1241 572 1303; x_wconf 83' lang='lat' dir='ltr'>Arator</span> <span class='ocrx_word' id='word_1_34' title='bbox 586 1243 788 1304; x_wconf 86' lang='lat' dir='ltr'>auditorium</span> <span class='ocrx_word' id='word_1_35' title='bbox 811 1246 977 1323; x_wconf 88' lang='lat' dir='ltr'>ingressus</span> <span class='ocrx_word' id='word_1_36' title='bbox 991 1257 1052 1311; x_wconf 87' lang='lat' dir='ltr'>est.</span> 
     </span>
     <span class='ocr_line' id='line_1_9' title="bbox 121 1341 1055 1422; baseline 0.004 -17"><span class='ocrx_word' id='word_1_37' title='bbox 121 1345 314 1405; x_wconf 86' lang='lat' dir='ltr'>Gratiarum</span> <span class='ocrx_word' id='word_1_38' title='bbox 338 1341 424 1402; x_wconf 89' lang='lat' dir='ltr'>actio</span> <span class='ocrx_word' id='word_1_39' title='bbox 445 1343 672 1420; x_wconf 84' lang='lat' dir='ltr'>grammatico,</span> <span class='ocrx_word' id='word_1_40' title='bbox 701 1345 832 1422; x_wconf 90' lang='lat' dir='ltr'>quando</span> <span class='ocrx_word' id='word_1_41' title='bbox 856 1346 1055 1410; x_wconf 87' lang='lat' dir='ltr'>Parthenius</span> 
     </span>
     <span class='ocr_line' id='line_1_10' title="bbox 84 1441 342 1504; baseline 0 -2"><span class='ocrx_word' id='word_1_42' title='bbox 84 1441 158 1504; x_wconf 89' lang='lat' dir='ltr'>bene</span> <span class='ocrx_word' id='word_1_43' title='bbox 174 1443 342 1504; x_wconf 90' lang='lat' dir='ltr'>recitavit.</span> 
     </span>
     <span class='ocr_line' id='line_1_11' title="bbox 120 1542 1054 1621; baseline 0.006 -18"><span class='ocrx_word' id='word_1_44' title='bbox 120 1544 228 1604; x_wconf 88' lang='lat' dir='ltr'>Dictio</span> <span class='ocrx_word' id='word_1_45' title='bbox 243 1561 331 1621; x_wconf 90' lang='lat' dir='ltr'>quae</span> <span class='ocrx_word' id='word_1_46' title='bbox 347 1542 433 1603; x_wconf 87' lang='lat' dir='ltr'>dicta</span> <span class='ocrx_word' id='word_1_47' title='bbox 448 1550 507 1615; x_wconf 88' lang='lat' dir='ltr'>est,</span> <span class='ocrx_word' id='word_1_48' title='bbox 520 1544 653 1621; x_wconf 89' lang='lat' dir='ltr'>quando</span> <span class='ocrx_word' id='word_1_49' title='bbox 668 1543 790 1610; x_wconf 85' lang='lat' dir='ltr'>Eusebi</span> <span class='ocrx_word' id='word_1_50' title='bbox 805 1545 894 1606; x_wconf 90' lang='lat' dir='ltr'>filius</span> <span class='ocrx_word' id='word_1_51' title='bbox 912 1546 1054 1611; x_wconf 87' lang='lat' dir='ltr'>traditus</span> 
     </span>
     <span class='ocr_line' id='line_1_12' title="bbox 80 1643 322 1703; baseline 0 -3"><span class='ocrx_word' id='word_1_52' title='bbox 80 1650 125 1702; x_wconf 87' lang='lat' dir='ltr'>est</span> <span class='ocrx_word' id='word_1_53' title='bbox 140 1644 181 1703; x_wconf 90' lang='lat' dir='ltr'>ad</span> <span class='ocrx_word' id='word_1_54' title='bbox 196 1643 322 1703; x_wconf 88' lang='lat' dir='ltr'>studia.</span> 
     </span>
     <span class='ocr_line' id='line_1_13' title="bbox 119 1739 1054 1824; baseline 0.006 -22"><span class='ocrx_word' id='word_1_55' title='bbox 119 1744 229 1803; x_wconf 91' lang='lat' dir='ltr'>Dictio</span> <span class='ocrx_word' id='word_1_56' title='bbox 245 1741 326 1802; x_wconf 90' lang='lat' dir='ltr'>data</span> <span class='ocrx_word' id='word_1_57' title='bbox 342 1739 486 1814; x_wconf 87' lang='lat' dir='ltr'>Aratori,</span> <span class='ocrx_word' id='word_1_58' title='bbox 505 1743 637 1820; x_wconf 88' lang='lat' dir='ltr'>quando</span> <span class='ocrx_word' id='word_1_59' title='bbox 660 1742 702 1803; x_wconf 91' lang='lat' dir='ltr'>ad</span> <span class='ocrx_word' id='word_1_60' title='bbox 725 1744 855 1805; x_wconf 88' lang='lat' dir='ltr'>laudern</span> <span class='ocrx_word' id='word_1_61' title='bbox 879 1756 1054 1824; x_wconf 90' lang='lat' dir='ltr'>provectus</span> 
     </span>
     <span class='ocr_line' id='line_1_14' title="bbox 78 1850 135 1903; baseline 0.035 -2"><span class='ocrx_word' id='word_1_62' title='bbox 78 1850 135 1903; x_wconf 86' lang='lat' dir='ltr'>est.</span> 
     </span>
     <span class='ocr_line' id='line_1_15' title="bbox 119 1940 1053 2018; baseline 0.005 -16"><span class='ocrx_word' id='word_1_63' title='bbox 119 1943 229 2002; x_wconf 92' lang='lat' dir='ltr'>Dictio</span> <span class='ocrx_word' id='word_1_64' title='bbox 249 1940 402 2018; x_wconf 86' lang='lat' dir='ltr'>(quando</span> <span class='ocrx_word' id='word_1_65' title='bbox 418 1942 569 2001; x_wconf 87' lang='lat' dir='ltr'>Paterius</span> <span class='ocrx_word' id='word_1_66' title='bbox 583 1948 616 2001; x_wconf 89' lang='lat' dir='ltr'>et</span> <span class='ocrx_word' id='word_1_67' title='bbox 632 1941 773 2006; x_wconf 76' lang='lat' dir='ltr'>severus</span> <span class='ocrx_word' id='word_1_68' title='bbox 789 1942 901 2003; x_wconf 79' lang='lat' dir='ltr'>traditi</span> <span class='ocrx_word' id='word_1_69' title='bbox 917 1952 995 2005; x_wconf 89' lang='lat' dir='ltr'>sunt</span> <span class='ocrx_word' id='word_1_70' title='bbox 1011 1948 1053 2007; x_wconf 91' lang='lat' dir='ltr'>ad</span> 
     </span>
     <span class='ocr_line' id='line_1_16' title="bbox 77 2042 219 2119; baseline 0.021 -20"><span class='ocrx_word' id='word_1_71' title='bbox 77 2042 219 2119; x_wconf 88' lang='lat' dir='ltr'>studia).</span> 
     </span>
     <span class='ocr_line' id='line_1_17' title="bbox 410 2169 722 2210; baseline -0.006 0"><span class='ocrx_word' id='word_1_72' title='bbox 410 2170 437 2210; x_wconf 86' lang='lat' dir='ltr'>c.</span> <span class='ocrx_word' id='word_1_73' title='bbox 470 2169 722 2208; x_wconf 71' lang='lat' dir='ltr'>comnovmsuu.</span> 
     </span>
    </p>
   </div>
   <div class='ocr_carea' id='block_1_5' title="bbox 73 2275 1055 3654">
    <p class='ocr_par' dir='ltr' id='par_1_5' title="bbox 119 2275 889 2354">
     <span class='ocr_line' id='line_1_18' title="bbox 119 2275 889 2354; baseline -0.001 -18"><span class='ocrx_word' id='word_1_74' title='bbox 119 2279 159 2337; x_wconf 94' lang='lat' dir='ltr'>In</span> <span class='ocrx_word' id='word_1_75' title='bbox 175 2278 326 2354; x_wconf 88' lang='lat' dir='ltr'>legatum</span> <span class='ocrx_word' id='word_1_76' title='bbox 341 2276 398 2352; x_wconf 93' lang='lat' dir='ltr'>qui</span> <span class='ocrx_word' id='word_1_77' title='bbox 413 2276 553 2354; x_wconf 90' lang='lat' dir='ltr'>patriam</span> <span class='ocrx_word' id='word_1_78' title='bbox 568 2275 720 2336; x_wconf 89' lang='lat' dir='ltr'>hostibus</span> <span class='ocrx_word' id='word_1_79' title='bbox 734 2275 889 2354; x_wconf 91' lang='lat' dir='ltr'>prodidit.</span> 
     </span>
    </p>

    <p class='ocr_par' dir='ltr' id='par_1_6' title="bbox 74 2376 1054 2554">
     <span class='ocr_line' id='line_1_19' title="bbox 119 2376 1054 2455; baseline 0.002 -18"><span class='ocrx_word' id='word_1_80' title='bbox 119 2380 159 2437; x_wconf 89' lang='lat' dir='ltr'>In</span> <span class='ocrx_word' id='word_1_81' title='bbox 196 2394 383 2449; x_wconf 88' lang='lat' dir='ltr'>novercam,</span> <span class='ocrx_word' id='word_1_82' title='bbox 414 2394 498 2454; x_wconf 88' lang='lat' dir='ltr'>quae</span> <span class='ocrx_word' id='word_1_83' title='bbox 534 2393 609 2435; x_wconf 91' lang='lat' dir='ltr'>cum</span> <span class='ocrx_word' id='word_1_84' title='bbox 644 2376 763 2436; x_wconf 89' lang='lat' dir='ltr'>marito</span> <span class='ocrx_word' id='word_1_85' title='bbox 799 2376 942 2455; x_wconf 85' lang='lat' dir='ltr'>privigni</span> <span class='ocrx_word' id='word_1_86' title='bbox 978 2378 1054 2440; x_wconf 85' lang='lat' dir='ltr'>odia</span> 
     </span>
     <span class='ocr_line' id='line_1_20' title="bbox 74 2476 924 2554; baseline -0.001 -17"><span class='ocrx_word' id='word_1_87' title='bbox 74 2477 215 2537; x_wconf 86' lang='lat' dir='ltr'>suadere</span> <span class='ocrx_word' id='word_1_88' title='bbox 230 2494 299 2535; x_wconf 91' lang='lat' dir='ltr'>non</span> <span class='ocrx_word' id='word_1_89' title='bbox 314 2483 433 2552; x_wconf 87' lang='lat' dir='ltr'>posset,</span> <span class='ocrx_word' id='word_1_90' title='bbox 452 2476 600 2553; x_wconf 87' lang='lat' dir='ltr'>utrisque</span> <span class='ocrx_word' id='word_1_91' title='bbox 622 2495 748 2536; x_wconf 88' lang='lat' dir='ltr'>venena</span> <span class='ocrx_word' id='word_1_92' title='bbox 765 2476 924 2554; x_wconf 79' lang='lat' dir='ltr'>porrexit.</span> 
     </span>
    </p>

    <p class='ocr_par' dir='ltr' id='par_1_7' title="bbox 74 2574 1055 2753">
     <span class='ocr_line' id='line_1_21' title="bbox 119 2574 1055 2655; baseline 0.004 -20"><span class='ocrx_word' id='word_1_93' title='bbox 119 2578 160 2635; x_wconf 92' lang='lat' dir='ltr'>In</span> <span class='ocrx_word' id='word_1_94' title='bbox 171 2594 250 2635; x_wconf 92' lang='lat' dir='ltr'>eum</span> <span class='ocrx_word' id='word_1_95' title='bbox 262 2574 320 2651; x_wconf 90' lang='lat' dir='ltr'>qui</span> <span class='ocrx_word' id='word_1_96' title='bbox 335 2575 470 2651; x_wconf 89' lang='lat' dir='ltr'>praemii</span> <span class='ocrx_word' id='word_1_97' title='bbox 480 2574 611 2634; x_wconf 89' lang='lat' dir='ltr'>nomine</span> <span class='ocrx_word' id='word_1_98' title='bbox 621 2576 764 2635; x_wconf 87' lang='lat' dir='ltr'>Vestalis</span> <span class='ocrx_word' id='word_1_99' title='bbox 773 2575 911 2652; x_wconf 87' lang='lat' dir='ltr'>virginis</span> <span class='ocrx_word' id='word_1_100' title='bbox 920 2578 1055 2655; x_wconf 89' lang='lat' dir='ltr'>nuptias</span> 
     </span>
     <span class='ocr_line' id='line_1_22' title="bbox 74 2675 271 2753; baseline -0.005 -17"><span class='ocrx_word' id='word_1_101' title='bbox 74 2675 271 2753; x_wconf 84' lang='lat' dir='ltr'>postulavit.</span> 
     </span>
    </p>

    <p class='ocr_par' dir='ltr' id='par_1_8' title="bbox 73 2774 1054 2935">
     <span class='ocr_line' id='line_1_23' title="bbox 120 2774 1054 2853; baseline 0.006 -18"><span class='ocrx_word' id='word_1_102' title='bbox 120 2779 160 2835; x_wconf 92' lang='lat' dir='ltr'>In</span> <span class='ocrx_word' id='word_1_103' title='bbox 197 2794 275 2835; x_wconf 90' lang='lat' dir='ltr'>eum</span> <span class='ocrx_word' id='word_1_104' title='bbox 312 2775 368 2852; x_wconf 88' lang='lat' dir='ltr'>qui</span> <span class='ocrx_word' id='word_1_105' title='bbox 404 2775 474 2835; x_wconf 89' lang='lat' dir='ltr'>seni</span> <span class='ocrx_word' id='word_1_106' title='bbox 509 2775 596 2853; x_wconf 91' lang='lat' dir='ltr'>patri</span> <span class='ocrx_word' id='word_1_107' title='bbox 631 2774 721 2835; x_wconf 90' lang='lat' dir='ltr'>cibos</span> <span class='ocrx_word' id='word_1_108' title='bbox 757 2775 951 2850; x_wconf 88' lang='lat' dir='ltr'>substraxit,</span> <span class='ocrx_word' id='word_1_109' title='bbox 976 2778 1054 2841; x_wconf 88' lang='lat' dir='ltr'>data</span> 
     </span>
     <span class='ocr_line' id='line_1_24' title="bbox 73 2874 223 2935; baseline -0.013 0"><span class='ocrx_word' id='word_1_110' title='bbox 73 2874 223 2935; x_wconf 89' lang='lat' dir='ltr'>Aratori.</span> 
     </span>
    </p>

    <p class='ocr_par' dir='ltr' id='par_1_9' title="bbox 75 2970 1053 3146">
     <span class='ocr_line' id='line_1_25' title="bbox 119 2970 1053 3052; baseline 0.003 -17"><span class='ocrx_word' id='word_1_111' title='bbox 119 2978 159 3035; x_wconf 90' lang='lat' dir='ltr'>In</span> <span class='ocrx_word' id='word_1_112' title='bbox 181 2982 363 3049; x_wconf 89' lang='lat' dir='ltr'>tyrannum</span> <span class='ocrx_word' id='word_1_113' title='bbox 388 2970 445 3051; x_wconf 89' lang='lat' dir='ltr'>qui</span> <span class='ocrx_word' id='word_1_114' title='bbox 470 2973 606 3051; x_wconf 87' lang='lat' dir='ltr'>praemii</span> <span class='ocrx_word' id='word_1_115' title='bbox 630 2975 762 3035; x_wconf 91' lang='lat' dir='ltr'>nomine</span> <span class='ocrx_word' id='word_1_116' title='bbox 785 2975 966 3052; x_wconf 87' lang='lat' dir='ltr'>parricidae</span> <span class='ocrx_word' id='word_1_117' title='bbox 988 2985 1053 3038; x_wconf 91' lang='lat' dir='ltr'>sta-</span> 
     </span>
     <span class='ocr_line' id='line_1_26' title="bbox 75 3072 945 3146; baseline 0.001 -11"><span class='ocrx_word' id='word_1_118' title='bbox 75 3083 169 3135; x_wconf 86' lang='lat' dir='ltr'>tuam</span> <span class='ocrx_word' id='word_1_119' title='bbox 185 3075 274 3135; x_wconf 88' lang='lat' dir='ltr'>inter</span> <span class='ocrx_word' id='word_1_120' title='bbox 289 3072 377 3133; x_wconf 92' lang='lat' dir='ltr'>viros</span> <span class='ocrx_word' id='word_1_121' title='bbox 392 3074 493 3134; x_wconf 83' lang='lat' dir='ltr'>fortes</span> <span class='ocrx_word' id='word_1_122' title='bbox 507 3073 608 3146; x_wconf 90' lang='lat' dir='ltr'>dedit,</span> <span class='ocrx_word' id='word_1_123' title='bbox 626 3074 704 3134; x_wconf 88' lang='lat' dir='ltr'>data</span> <span class='ocrx_word' id='word_1_124' title='bbox 719 3073 853 3135; x_wconf 83' lang='lat' dir='ltr'>Aratori</span> <span class='ocrx_word' id='word_1_125' title='bbox 868 3096 899 3136; x_wconf 80' lang='lat' dir='ltr'>v,</span> <span class='ocrx_word' id='word_1_126' title='bbox 917 3096 945 3136; x_wconf 91' lang='lat' dir='ltr'>c.</span> 
     </span>
    </p>

    <p class='ocr_par' dir='ltr' id='par_1_10' title="bbox 76 3173 1054 3354">
     <span class='ocr_line' id='line_1_27' title="bbox 119 3173 1054 3251; baseline 0.001 -16"><span class='ocrx_word' id='word_1_127' title='bbox 119 3178 159 3235; x_wconf 93' lang='lat' dir='ltr'>In</span> <span class='ocrx_word' id='word_1_128' title='bbox 175 3174 349 3234; x_wconf 88' lang='lat' dir='ltr'>aliatorem</span> <span class='ocrx_word' id='word_1_129' title='bbox 364 3173 420 3250; x_wconf 93' lang='lat' dir='ltr'>qui</span> <span class='ocrx_word' id='word_1_130' title='bbox 436 3190 564 3251; x_wconf 84' lang='lat' dir='ltr'>agrum,</span> <span class='ocrx_word' id='word_1_131' title='bbox 577 3173 611 3231; x_wconf 90' lang='lat' dir='ltr'>in</span> <span class='ocrx_word' id='word_1_132' title='bbox 627 3191 693 3250; x_wconf 91' lang='lat' dir='ltr'>quo</span> <span class='ocrx_word' id='word_1_133' title='bbox 707 3181 859 3251; x_wconf 90' lang='lat' dir='ltr'>parentes</span> <span class='ocrx_word' id='word_1_134' title='bbox 873 3175 944 3235; x_wconf 86' lang='lat' dir='ltr'>eius</span> <span class='ocrx_word' id='word_1_135' title='bbox 959 3184 1054 3236; x_wconf 90' lang='lat' dir='ltr'>erant</span> 
     </span>
     <span class='ocr_line' id='line_1_28' title="bbox 76 3271 886 3354; baseline -0.002 -19"><span class='ocrx_word' id='word_1_136' title='bbox 76 3275 187 3354; x_wconf 86' lang='lat' dir='ltr'>positi,</span> <span class='ocrx_word' id='word_1_137' title='bbox 207 3292 269 3352; x_wconf 91' lang='lat' dir='ltr'>pro</span> <span class='ocrx_word' id='word_1_138' title='bbox 283 3271 353 3331; x_wconf 94' lang='lat' dir='ltr'>ludi</span> <span class='ocrx_word' id='word_1_139' title='bbox 368 3273 474 3350; x_wconf 89' lang='lat' dir='ltr'>pretio</span> <span class='ocrx_word' id='word_1_140' title='bbox 488 3271 589 3344; x_wconf 91' lang='lat' dir='ltr'>dedit,</span> <span class='ocrx_word' id='word_1_141' title='bbox 608 3272 685 3332; x_wconf 89' lang='lat' dir='ltr'>data</span> <span class='ocrx_word' id='word_1_142' title='bbox 700 3272 886 3333; x_wconf 89' lang='lat' dir='ltr'>Ambrosio.</span> 
     </span>
    </p>

    <p class='ocr_par' dir='ltr' id='par_1_11' title="bbox 119 3370 1050 3449">
     <span class='ocr_line' id='line_1_29' title="bbox 119 3370 1050 3449; baseline 0 -14"><span class='ocrx_word' id='word_1_143' title='bbox 119 3378 160 3435; x_wconf 90' lang='lat' dir='ltr'>In</span> <span class='ocrx_word' id='word_1_144' title='bbox 175 3392 255 3435; x_wconf 85' lang='lat' dir='ltr'>eunr</span> <span class='ocrx_word' id='word_1_145' title='bbox 271 3371 328 3449; x_wconf 92' lang='lat' dir='ltr'>qui</span> <span class='ocrx_word' id='word_1_146' title='bbox 343 3372 378 3431; x_wconf 93' lang='lat' dir='ltr'>in</span> <span class='ocrx_word' id='word_1_147' title='bbox 393 3370 543 3449; x_wconf 87' lang='lat' dir='ltr'>lupanari</span> <span class='ocrx_word' id='word_1_148' title='bbox 566 3379 709 3431; x_wconf 89' lang='lat' dir='ltr'>statuam</span> <span class='ocrx_word' id='word_1_149' title='bbox 733 3371 901 3432; x_wconf 87' lang='lat' dir='ltr'>Minervae</span> <span class='ocrx_word' id='word_1_150' title='bbox 919 3372 1050 3435; x_wconf 88' lang='lat' dir='ltr'>locavit.</span> 
     </span>
    </p>

    <p class='ocr_par' dir='ltr' id='par_1_12' title="bbox 75 3468 1055 3654">
     <span class='ocr_line' id='line_1_30' title="bbox 122 3468 1054 3551; baseline -0.004 -16"><span class='ocrx_word' id='word_1_151' title='bbox 122 3477 182 3551; x_wconf 87' lang='lat' dir='ltr'>(In</span> <span class='ocrx_word' id='word_1_152' title='bbox 213 3478 341 3550; x_wconf 89' lang='lat' dir='ltr'>patrem</span> <span class='ocrx_word' id='word_1_153' title='bbox 370 3472 545 3548; x_wconf 89' lang='lat' dir='ltr'>quendam,</span> <span class='ocrx_word' id='word_1_154' title='bbox 572 3469 629 3546; x_wconf 91' lang='lat' dir='ltr'>qui</span> <span class='ocrx_word' id='word_1_155' title='bbox 658 3488 734 3530; x_wconf 88' lang='lat' dir='ltr'>cum</span> <span class='ocrx_word' id='word_1_156' title='bbox 763 3468 869 3528; x_wconf 91' lang='lat' dir='ltr'>filium</span> <span class='ocrx_word' id='word_1_157' title='bbox 898 3489 918 3529; x_wconf 91' lang='lat' dir='ltr'>a</span> <span class='ocrx_word' id='word_1_158' title='bbox 946 3469 1054 3545; x_wconf 88' lang='lat' dir='ltr'>pirata</span> 
     </span>
     <span class='ocr_line' id='line_1_31' title="bbox 75 3567 1055 3654; baseline -0.013 -18"><span class='ocrx_word' id='word_1_159' title='bbox 75 3583 214 3654; x_wconf 89' lang='lat' dir='ltr'>captum</span> <span class='ocrx_word' id='word_1_160' title='bbox 230 3570 389 3630; x_wconf 88' lang='lat' dir='ltr'>redimere</span> <span class='ocrx_word' id='word_1_161' title='bbox 403 3589 469 3630; x_wconf 93' lang='lat' dir='ltr'>non</span> <span class='ocrx_word' id='word_1_162' title='bbox 484 3569 641 3645; x_wconf 88' lang='lat' dir='ltr'>dignatus</span> <span class='ocrx_word' id='word_1_163' title='bbox 663 3575 757 3640; x_wconf 88' lang='lat' dir='ltr'>esset,</span> <span class='ocrx_word' id='word_1_164' title='bbox 776 3567 818 3626; x_wconf 89' lang='lat' dir='ltr'>ab</span> <span class='ocrx_word' id='word_1_165' title='bbox 832 3586 871 3627; x_wconf 92' lang='lat' dir='ltr'>eo</span> <span class='ocrx_word' id='word_1_166' title='bbox 885 3575 995 3627; x_wconf 89' lang='lat' dir='ltr'>tamen</span> <span class='ocrx_word' id='word_1_167' title='bbox 1010 3571 1055 3647; x_wconf 75' lang='lat' dir='ltr'>ali</span> 
     </span>
    </p>
   </div>
   <div class='ocr_carea' id='block_1_6' title="bbox 76 3671 247 3755">
    <p class='ocr_par' dir='ltr' id='par_1_13' title="bbox 76 3671 247 3755">
     <span class='ocr_line' id='line_1_32' title="bbox 76 3671 247 3755; baseline -0.023 -19"><span class='ocrx_word' id='word_1_168' title='bbox 76 3671 247 3755; x_wconf 86' lang='lat' dir='ltr'>petebat.)</span> 
     </span>
    </p>
   </div>
   <div class='ocr_carea' id='block_1_7' title="bbox 0 0 1301 4400">
    <p class='ocr_par' dir='ltr' id='par_1_14' title="bbox 0 0 1301 4400">
     <span class='ocr_line' id='line_1_33' title="bbox 0 0 1301 4400; baseline 0 0"><span class='ocrx_word' id='word_1_169' title='bbox 0 0 1301 4400; x_wconf 95' lang='lat' dir='ltr'> </span> 
     </span>
    </p>
   </div>
  </div>
 </body>
</html>
