2592 4400
646 412 799 467 ..25-

237 593 260 618 “
273 609 357 669 quae
371 591 437 668 legi
449 591 550 668 digna
564 591 631 650 sint
643 594 676 663 ;’'
696 591 784 669 apud
799 591 888 650 hunc
902 598 1016 651 contra
1031 591 1210 652 coniuncti·

236 709 298 751 vus
321 709 447 768 semper
471 690 657 763 adhibetur,
684 698 740 763 ut;
768 710 838 767 214.
868 710 924 753 12:
948 691 1069 769 dignae
1095 710 1210 751 manus

236 808 320 867 quae
349 790 454 850 exitia
482 789 658 850 rebellibus
686 790 933 852 tribuant—ci.
965 810 998 869 p.
1038 797 1111 867 318.
1150 810 1207 868 30:

235 889 357 967 dignus
382 897 546 967 regnator,
571 890 675 968 digni,
700 891 898 969 inquorum
928 898 1035 951 aetate
1058 898 1208 952 votorum

236 1007 364 1050 summa
391 990 578 1067 contigerit.
624 990 726 1069 Apud
763 991 1006 1066 Hieronymum
1037 991 1161 1069 legitur
1174 995 1204 1052 :¹

239 1091 419 1169 “ignorans
433 1092 589 1169 quoniam
603 1091 817 1169 benignitas.
850 1143 856 1154 .
890 1093 1107 1166 .hortatur;”
1124 1093 1209 1170 apud

236 1191 425 1258 Ennodium
448 1200 562 1253 contra
587 1193 744 1270 quoniam
765 1201 840 1271 post
861 1193 960 1254 verba
980 1193 1145 1254 sentiendi
1159 1193 1209 1254 vel

236 1292 423 1352 declarandi
437 1293 605 1353 invenitur
619 1293 654 1352 in
669 1293 883 1354 citationibus
896 1313 941 1354 ex
956 1293 1067 1359 Libris
1082 1293 1209 1355 Divinis

235 1399 376 1466 tantum,
395 1400 444 1454 ut:
460 1412 516 1471 pp.
535 1397 585 1453 62.
608 1412 656 1465 12;
674 1398 725 1469 65.
743 1409 794 1470 37.
820 1392 980 1472 Absque²
1006 1393 1140 1472 quidem
1169 1394 1209 1454 ab

237 1491 441 1566 Hieronymo
462 1510 558 1570 saepe
581 1499 770 1570 usurpatur,
795 1492 891 1552 sinet
909 1511 986 1554 vero
1015 1500 1147 1553 tantum
1168 1492 1208 1552 ab

237 1591 398 1656 Ennodio.

278 1693 352 1751 Hac
367 1698 478 1751 autem
492 1692 526 1751 in
541 1692 784 1770 comparatione
799 1692 840 1752 de
861 1710 925 1753 usu
947 1691 1119 1753 nominum
1140 1712 1205 1754 ver-

236 1789 417 1868 borumque
432 1791 527 1852 nobis
541 1792 604 1852 erit
618 1791 838 1852 tractandum.
886 1793 961 1852 Mea
983 1792 1118 1871 quidem
1139 1812 1206 1854 sen·

236 1891 339 1951 tentia
354 1891 527 1957 Ennodius
543 1892 748 1966 Hieronymo
770 1892 832 1952 hac
846 1892 881 1952 in
904 1911 939 1953 re
954 1892 1060 1954 multo
1075 1894 1207 1972 propius

233 1990 277 2050 ad
299 2009 403 2068 genus
423 1991 623 2069 optimorum
644 1991 841 2070 scriptorum
863 1992 998 2053 accedit.
1046 1993 1205 2068 Hierony-

233 2108 309 2151 mus
337 2091 471 2152 omnino
507 2091 623 2152 doctus
659 2092 725 2152 fuit
747 2092 805 2171 qui
833 2091 953 2153 diserte
978 2091 1207 2171 eleganterque

236 2191 353 2257 Latine
368 2190 533 2253 scriberet.
581 2191 719 2254 Minime
740 2191 844 2270 igitur
865 2200 915 2254 est
937 2193 1019 2253 mihi
1041 2193 1077 2254 in
1100 2193 1206 2255 animo

235 2299 272 2351 ut
294 2311 411 2370 negem
435 2292 631 2367 Hieronymi
653 2292 816 2354 scribendi
845 2312 950 2371 genus
980 2293 1112 2359 Ennodi
1141 2313 1206 2355 esse

232 2390 427 2470 elegantius.
474 2391 521 2452 At
536 2411 613 2454 vero
628 2413 672 2453 ex
688 2394 791 2453 altera
804 2400 898 2471 parte
912 2394 940 2454 si
955 2394 1128 2455 nominum
1140 2413 1205 2455 ver-

232 2490 416 2569 borumque
431 2508 511 2552 usus
527 2492 657 2553 assidue
671 2497 847 2570 spectetur,
863 2494 1090 2569 Hieronymus
1101 2494 1205 2572 negle-

235 2596 350 2668 genter
370 2609 436 2650 non
458 2608 630 2669 nunquam
651 2610 686 2652 se
708 2592 819 2669 gessit.
866 2592 902 2657 si
923 2600 1055 2671 praesto
1076 2594 1206 2672 quidem

232 2707 300 2749 non
315 2690 416 2750 fuerit
431 2698 489 2751 aut
504 2710 622 2752 nomen
638 2698 697 2751 aut
711 2692 859 2766 verbum,
877 2693 990 2753 statim
1004 2711 1065 2753 sua
1080 2700 1203 2773 sponte,

233 2790 383 2866 neglecto
418 2792 514 2864 usu,4
553 2790 795 2870 aliquandoque
837 2792 996 2870 neglectis
1039 2791 1205 2855 derivandi

264 3072 316 3126 ¹cf.
330 3073 452 3137 Goelzer,
466 3092 512 3142 op.
524 3076 572 3127 cit.
585 3093 613 3143 p.
626 3076 695 3128 384.

264 3165 317 3226 ὀί.
331 3174 453 3239 Goelzer,
466 3192 513 3242 op,
525 3176 573 3228 cit.
586 3193 614 3243 p.
628 3178 696 3229 337.

263 3272 318 3327 δεῖ.
330 3291 353 3327 e.
365 3292 393 3341 g.
406 3292 453 3342 pp.
466 3277 514 3327 47.
528 3279 574 3329 aa.
588 3279 696 3329 oasa.

263 3372 316 3427 ⁴cf.
328 3388 474 3428 comessor
484 3393 539 3443 pro
549 3383 696 3430 comestor
710 3377 849 3440 (Goelzer,
862 3391 909 3445 op.
921 3378 969 3431 cit.
987 3393 1015 3445 p.
1032 3381 1102 3442 46);
1119 3378 1205 3432 defen

232 3465 319 3510 sator
330 3474 383 3525 pro
395 3458 525 3512 defensor
539 3459 679 3524 (Goelzer,
691 3477 718 3513 o.
730 3478 753 3513 c.
766 3474 793 3525 p.
811 3462 851 3513 47
857 3462 880 3523 );
897 3461 1139 3515 obumbraculum
1153 3465 1204 3530 pro

234 3542 423 3595 obumbratio
438 3543 531 3606 (Hier.
544 3543 611 3596 adv.
620 3544 718 3609 Jovin.
731 3545 799 3596 1³9
810 3544 840 3595 in
849 3545 933 3598 citat.
950 3560 985 3597 ex
1001 3546 1085 3613 epist.
1108 3544 1204 3599 Sancti
1288 3557 1289 3560 ’

227 3625 362 3690 Jacobi);
374 3627 504 3679 traditor
514 3643 569 3694 pro
578 3626 716 3695 proditor
729 3627 868 3691 (Goelzer.
881 3642 908 3680 o.
925 3644 948 3681 c.
966 3646 993 3695 p.
1011 3632 1101 3694 246);
1118 3636 1204 3683 exter-

233 3707 364 3761 minator
374 3725 428 3776 pro
438 3710 585 3762 extinctor
599 3709 739 3774 (Goelzer,
752 3726 779 3763 o.
790 3720 815 3763 c.
826 3723 854 3777 p.
867 3711 956 3774 270).
