2592 4400
583 461 756 522 ..ψ-

188 635 221 688 et
250 628 358 690 verbis
386 629 508 707 agitur,
533 629 663 703 attinet,
688 630 723 689 in
745 630 809 690 hoc
828 629 1023 708 praesertim
1051 628 1160 690 deficit

189 729 278 808 quod
291 730 387 807 plura
402 729 603 791 omittuntur
617 730 779 809 pluraque
794 729 860 790 alia
873 729 908 790 in
923 729 1050 790 incerto
1064 729 1159 790 relin·
1209 742 1213 749 ’

188 835 348 906 quuntur.
371 829 414 891 cf.
439 847 472 909 p.
500 848 559 905 99:
598 830 726 891 “Voici
749 848 787 890 ee
810 848 875 908 que
899 830 969 890 l’on
990 836 1072 908 peut
1085 848 1160 890 con-

187 925 310 990 siderer
324 947 450 990 comme
463 930 494 990 le
508 930 555 990 lot
570 930 742 1008 personnel
757 928 967 995 d’Ennodius
982 947 1026 989 ou
1049 928 1091 990 de
1110 947 1162 990 ses

187 1030 483 1108 contemporains”
522 1032 715 1091 Retentator
744 1030 877 1109 quidem
906 1029 993 1091 inter
1028 1029 1163 1091 nomina

186 1129 287 1191 citata
315 1129 457 1209 legitur:
492 1130 550 1191 sed
578 1137 760 1192 retentator
788 1130 923 1192 iamiam
952 1129 1041 1208 apud
1078 1129 1159 1193 Cod.

186 1226 312 1291 Theod.
330 1231 441 1310 script.
458 1250 545 1292 anno
559 1237 621 1308 438
636 1231 815 1292 invenitur.
845 1230 913 1305 (ci.
931 1230 1013 1293 eod.
1030 1226 1160 1292 Theod.

187 1350 217 1406 4.
238 1349 287 1392 20.
308 1351 335 1404 1;
352 1350 383 1406 4.
400 1349 449 1392 22.
466 1350 497 1408 3;
519 1350 566 1408 13.
587 1350 637 1392 21.
655 1331 751 1407 8.)cf.
764 1351 796 1410 p.
818 1350 895 1408 105:
922 1331 1011 1398 “Les
1033 1329 1164 1392 derives

187 1449 228 1491 en
256 1450 276 1491 o
305 1431 362 1508 qui
384 1431 516 1492 suivent
546 1431 707 1493 semblent
729 1430 918 1510 appartenir
939 1450 980 1492 en
1002 1449 1121 1511 propre
1143 1429 1165 1493 ὲ

188 1529 359 1596 Ennodius
374 1549 418 1592 ou
433 1529 453 1592 a
466 1549 525 1592 son
540 1530 704 1610 epoqueJ’
730 1531 773 1593 cf.
790 1551 823 1609 p.
844 1536 922 1592 116:
949 1532 1047 1598 “Les
1069 1549 1165 1591 noms

190 1649 230 1691 en
246 1631 293 1691 tio
308 1649 373 1709 que
387 1649 471 1692 nous
495 1633 599 1693 allons
624 1630 798 1693 enumeret
823 1638 968 1710 peuvent
993 1631 1065 1692 etre
1086 1650 1163 1691 con-

187 1728 312 1793 sideres
325 1750 451 1793 comme
465 1731 523 1793 des
537 1730 781 1811 particularites
806 1732 847 1792 de
861 1733 893 1792 la
914 1730 1037 1809 langue
1059 1730 1164 1797 d’En-

187 1831 306 1893 nodius
321 1850 365 1892 ou
379 1832 420 1893 de
434 1851 486 1893 ses
500 1832 798 1911 contemporains.'’
825 1832 868 1893 cf.
884 1851 917 1910 p.
940 1851 998 1908 144
1013 1854 1020 1892 t
1063 1834 1083 1859 “
1095 1831 1164 1893 Ad·

187 1931 297 2010 jectiis
325 1931 523 2010 imputables
546 1930 565 1992 {a
589 1931 763 1997 Ennodius
785 1950 829 1993 ou
853 1930 873 1993 a
893 1950 945 1992 ses
975 1938 1164 2010 contempo-

187 2029 311 2090 rains''
338 2029 384 2090 At
420 2049 508 2104 vero,
547 2037 585 2091 ut
621 2031 703 2092 bene
739 2031 857 2092 statuit
886 2029 1053 2092 Woelfflin
1075 2030 1165 2108 apud

188 2130 402 2192 Rheinisches
446 2133 599 2193 Museum
642 2131 716 2192 iuer
752 2130 935 2211 Philologie
990 2130 1052 2208 (N.
1101 2129 1160 2208 F.)

188 2248 239 2309 37,
319 2251 352 2310 p.
418 2250 469 2307 92:
518 2234 601 2293 “Da
657 2232 847 2311 praktische
918 2232 1164 2293 Ruecksichten

188 2332 262 2392 dem
292 2332 563 2411 Lexicographen
600 2333 692 2393 nieht
728 2339 893 2410 gestatten
938 2331 1163 2393 saemmtliche

189 2432 404 2510 Belegstellen
457 2432 548 2494 eines
604 2436 746 2506 Wortes,
813 2432 898 2492 auch
964 2451 1061 2494 wenn
1117 2432 1164 2493 sie

187 2533 378 2609 gesammelt
418 2552 557 2606 waeren‚
603 2532 847 2606 abzudrucken,
880 2550 917 2593 so
953 2550 1044 2592 muss
1087 2550 1163 2592 man

188 2632 258 2693 sich
284 2632 342 2693 auf
370 2632 429 2693 das
452 2632 651 2711 Wichtigste
673 2632 917 2693 beschraenken
940 2632 1009 2692 und
1034 2631 1106 2693 sich
1121 2651 1163 2692 au

188 2732 252 2793 den
266 2733 385 2793 ebenso
400 2732 674 2793 einleuchtenden
698 2733 746 2793 als
772 2733 999 2793 anerkannten
1031 2732 1162 2795 Grund-

188 2840 257 2895 satz
286 2834 398 2894 halten
427 2852 486 2895 vor
515 2832 624 2895 Allem
653 2832 706 2893 die
735 2834 869 2894 aelteste
899 2833 1094 2911 Belegstelle
1122 2850 1164 2893 zu

188 2935 331 3012 geben.'’
357 2934 400 2994 cf.
416 2953 449 3012 p.
470 2939 538 3011 165,
557 2933 614 2995 ubi
641 2934 682 2995 de
697 2932 861 2994 abverbiis
876 2939 939 2994 ·ter
964 2932 1070 2994 finitis
1095 2933 1163 3011 agi·

189 3042 263 3096 tur:
291 3038 311 3062 ‘⁴
323 3034 418 3095 Voici
434 3053 521 3095 ceux
536 3034 665 3094 d'entre
679 3052 748 3094 eux
763 3036 817 3111 qu’
844 3032 1019 3098 Ennodius
1044 3052 1088 3095 ou
1113 3051 1164 3093 ses

188 3135 263 3214 plus
277 3135 416 3214 proches
429 3134 693 3212 contemporains
707 3134 868 3219 semblent
884 3133 975 3195 avoir
984 3133 1163 3195 introduits

189 3236 314 3297 dansla
333 3235 481 3314 langue.
515 3284 521 3297 .
555 3233 801 3297 .Ambienter.
834 3283 840 3295 .
874 3235 1164 3312 ,Incompetenter

209 3387 215 3400 .
249 3388 254 3398 .
288 3334 628 3399 ,Indemutabiliter.
662 3384 668 3397 .
702 3333 953 3408 ,Inefficaciter‚
987 3384 994 3397 .
1027 3384 1034 3397 .
1068 3336 1162 3398 ‚Me-

190 3436 401 3499 dicinaliter.
434 3485 441 3497 .
474 3438 522 3497 .'’
550 3436 677 3495 Revera
691 3440 803 3495 autem
831 3453 873 3495 ne
902 3451 1008 3494 unum
1030 3433 1162 3512 quidem

189 3537 308 3597 horum
334 3535 566 3597 adverbiorum
595 3535 637 3595 ab
668 3533 820 3600 Ennodio
845 3541 894 3595 est
916 3533 1106 3606 formatum,
1124 3540 1162 3593 ut

190 3635 285 3697 facile
299 3634 458 3713 explicari
473 3641 600 3713 potest:
625 3633 819 3695 Ambienter
832 3633 846 3709 (
858 3634 971 3698 Sidon.
990 3653 1042 3712 ap.
1063 3636 1108 3694 M.
1121 3632 1161 3695 G.

193 3737 238 3796 H.
255 3741 321 3813 8p.
344 3753 411 3811 1¹3·
434 3736 793 3812 11);1neompetenter
819 3733 925 3810 (eod.
957 3730 1086 3795 Theod.
1113 3737 1159 3793 16.
