<?xml version="1.0" encoding="UTF-8"?>
<!DOCTYPE html PUBLIC "-//W3C//DTD XHTML 1.0 Transitional//EN"
    "http://www.w3.org/TR/xhtml1/DTD/xhtml1-transitional.dtd">
<html xmlns="http://www.w3.org/1999/xhtml" xml:lang="en" lang="en">
 <head>
  <title>
</title>
<meta http-equiv="Content-Type" content="text/html;charset=utf-8" />
  <meta name='ocr-system' content='tesseract 3.04.00' />
  <meta name='ocr-capabilities' content='ocr_page ocr_carea ocr_par ocr_line ocrx_word'/>
</head>
<body>
  <div class='ocr_page' id='page_1' title='image "./desermoneennodi01trahgoog_0035.png"; bbox 0 0 2592 4400; ppageno 0'>
   <div class='ocr_carea' id='block_1_1' title="bbox 498 380 653 439">
    <p class='ocr_par' dir='ltr' id='par_1_1' title="bbox 498 380 653 439">
     <span class='ocr_line' id='line_1_1' title="bbox 498 380 653 439; baseline 0 -34"><span class='ocrx_word' id='word_1_1' title='bbox 498 380 653 439; x_wconf 57' lang='grc'><strong><em>..27-</em></strong></span> 
     </span>
    </p>
   </div>
   <div class='ocr_carea' id='block_1_2' title="bbox 64 545 1062 1123">
    <p class='ocr_par' dir='ltr' id='par_1_2' title="bbox 64 545 1062 1123">
     <span class='ocr_line' id='line_1_2' title="bbox 65 545 1062 624; baseline 0.001 -19"><span class='ocrx_word' id='word_1_2' title='bbox 65 545 239 624; x_wconf 85' lang='lat' dir='ltr'>regulis,¹</span> <span class='ocrx_word' id='word_1_3' title='bbox 259 564 345 606; x_wconf 88' lang='lat' dir='ltr'>nova</span> <span class='ocrx_word' id='word_1_4' title='bbox 359 546 426 624; x_wconf 91' lang='lat' dir='ltr'>ipse</span> <span class='ocrx_word' id='word_1_5' title='bbox 440 545 574 606; x_wconf 88' lang='lat' dir='ltr'>creavit.</span> <span class='ocrx_word' id='word_1_6' title='bbox 600 546 773 612; x_wconf 85' lang='lat' dir='ltr'>Ennodius</span> <span class='ocrx_word' id='word_1_7' title='bbox 787 545 954 605; x_wconf 89' lang='lat' dir='ltr'>interdum</span> <span class='ocrx_word' id='word_1_8' title='bbox 975 565 1062 606; x_wconf 92' lang='lat' dir='ltr'>nova</span> 
     </span>
     <span class='ocr_line' id='line_1_3' title="bbox 65 645 1059 724; baseline 0 -18"><span class='ocrx_word' id='word_1_9' title='bbox 65 646 164 719; x_wconf 88' lang='lat' dir='ltr'>fecit,</span> <span class='ocrx_word' id='word_1_10' title='bbox 195 645 338 705; x_wconf 90' lang='lat' dir='ltr'>modum</span> <span class='ocrx_word' id='word_1_11' title='bbox 361 653 472 706; x_wconf 85' lang='lat' dir='ltr'>autem</span> <span class='ocrx_word' id='word_1_12' title='bbox 495 652 594 724; x_wconf 89' lang='lat' dir='ltr'>atque</span> <span class='ocrx_word' id='word_1_13' title='bbox 615 645 790 706; x_wconf 92' lang='lat' dir='ltr'>consilium</span> <span class='ocrx_word' id='word_1_14' title='bbox 811 664 938 723; x_wconf 85' lang='lat' dir='ltr'>semper</span> <span class='ocrx_word' id='word_1_15' title='bbox 961 645 1059 706; x_wconf 88' lang='lat' dir='ltr'>habe-</span> 
     </span>
     <span class='ocr_line' id='line_1_4' title="bbox 64 745 1061 806; baseline -0.001 0"><span class='ocrx_word' id='word_1_16' title='bbox 64 746 162 806; x_wconf 80' lang='lat' dir='ltr'>bat.²</span> <span class='ocrx_word' id='word_1_17' title='bbox 217 747 261 805; x_wconf 93' lang='lat' dir='ltr'>In</span> <span class='ocrx_word' id='word_1_18' title='bbox 276 745 339 805; x_wconf 90' lang='lat' dir='ltr'>hoc</span> <span class='ocrx_word' id='word_1_19' title='bbox 354 765 428 806; x_wconf 92' lang='lat' dir='ltr'>vero</span> <span class='ocrx_word' id='word_1_20' title='bbox 443 746 578 806; x_wconf 90' lang='lat' dir='ltr'>minime</span> <span class='ocrx_word' id='word_1_21' title='bbox 592 747 741 806; x_wconf 86' lang='lat' dir='ltr'><strong>consistit</strong></span> <span class='ocrx_word' id='word_1_22' title='bbox 757 753 865 806; x_wconf 90' lang='lat' dir='ltr'>totum</span> <span class='ocrx_word' id='word_1_23' title='bbox 886 745 1061 806; x_wconf 87' lang='lat' dir='ltr'>discrimen</span> 
     </span>
     <span class='ocr_line' id='line_1_5' title="bbox 66 845 1061 920; baseline 0.002 -16"><span class='ocrx_word' id='word_1_24' title='bbox 66 845 213 910; x_wconf 86' lang='lat' dir='ltr'>Ennodi</span> <span class='ocrx_word' id='word_1_25' title='bbox 241 845 327 904; x_wconf 91' lang='lat' dir='ltr'>inter</span> <span class='ocrx_word' id='word_1_26' title='bbox 352 852 385 905; x_wconf 90' lang='lat' dir='ltr'>et</span> <span class='ocrx_word' id='word_1_27' title='bbox 409 845 605 920; x_wconf 89' lang='lat' dir='ltr'>Hieronymi</span> <span class='ocrx_word' id='word_1_28' title='bbox 633 864 836 906; x_wconf 90' lang='lat' dir='ltr'>sermonem:</span> <span class='ocrx_word' id='word_1_29' title='bbox 861 845 965 904; x_wconf 86' lang='lat' dir='ltr'>multa</span> <span class='ocrx_word' id='word_1_30' title='bbox 995 845 1061 906; x_wconf 88' lang='lat' dir='ltr'>alia</span> 
     </span>
     <span class='ocr_line' id='line_1_6' title="bbox 65 945 1061 1024; baseline 0.001 -20"><span class='ocrx_word' id='word_1_31' title='bbox 65 946 160 1005; x_wconf 91' lang='lat' dir='ltr'>enim</span> <span class='ocrx_word' id='word_1_32' title='bbox 178 945 327 1023; x_wconf 88' lang='lat' dir='ltr'>proferri</span> <span class='ocrx_word' id='word_1_33' title='bbox 342 952 489 1023; x_wconf 84' lang='lat' dir='ltr'>possunt,</span> <span class='ocrx_word' id='word_1_34' title='bbox 507 963 633 1023; x_wconf 87' lang='lat' dir='ltr'>suoque</span> <span class='ocrx_word' id='word_1_35' title='bbox 648 946 719 1006; x_wconf 92' lang='lat' dir='ltr'>loco</span> <span class='ocrx_word' id='word_1_36' title='bbox 734 945 952 1024; x_wconf 87' lang='lat' dir='ltr'>proferentur.</span> <span class='ocrx_word' id='word_1_37' title='bbox 996 946 1061 1009; x_wconf 80' lang='lat' dir='ltr'>Sed</span> 
     </span>
     <span class='ocr_line' id='line_1_7' title="bbox 65 1044 892 1123; baseline 0 -19"><span class='ocrx_word' id='word_1_38' title='bbox 65 1045 153 1105; x_wconf 89' lang='lat' dir='ltr'>haec</span> <span class='ocrx_word' id='word_1_39' title='bbox 169 1046 350 1104; x_wconf 86' lang='lat' dir='ltr'>hactenus.</span> <span class='ocrx_word' id='word_1_40' title='bbox 396 1044 450 1105; x_wconf 90' lang='lat' dir='ltr'>Ad</span> <span class='ocrx_word' id='word_1_41' title='bbox 465 1044 671 1122; x_wconf 90' lang='lat' dir='ltr'>propositum</span> <span class='ocrx_word' id='word_1_42' title='bbox 685 1048 892 1123; x_wconf 78' lang='lat' dir='ltr'>pergamus.⁸</span> 
     </span>
    </p>
   </div>
   <div class='ocr_carea' id='block_1_3' title="bbox 65 1241 1059 1475">
    <p class='ocr_par' dir='ltr' id='par_1_3' title="bbox 65 1241 1059 1475">
     <span class='ocr_line' id='line_1_8' title="bbox 99 1241 1059 1310; baseline 0.002 -17"><span class='ocrx_word' id='word_1_43' title='bbox 99 1241 139 1294; x_wconf 81' lang='lat' dir='ltr'>le.</span> <span class='ocrx_word' id='word_1_44' title='bbox 152 1261 184 1310; x_wconf 90' lang='lat' dir='ltr'>g.</span> <span class='ocrx_word' id='word_1_45' title='bbox 200 1243 385 1309; x_wconf 80' lang='lat' dir='ltr'>apostatrix,</span> <span class='ocrx_word' id='word_1_46' title='bbox 397 1241 520 1306; x_wconf 86' lang='lat' dir='ltr'>fusitrix,</span> <span class='ocrx_word' id='word_1_47' title='bbox 539 1244 717 1310; x_wconf 86' lang='lat' dir='ltr'>antepassio,</span> <span class='ocrx_word' id='word_1_48' title='bbox 729 1243 892 1310; x_wconf 83' lang='lat' dir='ltr'>propassio,</span> <span class='ocrx_word' id='word_1_49' title='bbox 910 1242 1059 1310; x_wconf 86' lang='lat' dir='ltr'>prolimen,</span> 
     </span>
     <span class='ocr_line' id='line_1_9' title="bbox 66 1326 1059 1394; baseline 0.004 -18"><span class='ocrx_word' id='word_1_50' title='bbox 66 1327 258 1392; x_wconf 86' lang='lat' dir='ltr'>promurale,</span> <span class='ocrx_word' id='word_1_51' title='bbox 271 1326 515 1392; x_wconf 88' lang='lat' dir='ltr'>tuguriunculum,</span> <span class='ocrx_word' id='word_1_52' title='bbox 526 1327 676 1393; x_wconf 86' lang='lat' dir='ltr'>capabilis,</span> <span class='ocrx_word' id='word_1_53' title='bbox 688 1326 843 1379; x_wconf 90' lang='lat' dir='ltr'>trinomius</span> <span class='ocrx_word' id='word_1_54' title='bbox 863 1327 995 1388; x_wconf 77' lang='lat' dir='ltr'>(Goelzer</span> <span class='ocrx_word' id='word_1_55' title='bbox 1011 1344 1059 1394; x_wconf 78' lang='lat' dir='ltr'>up.</span> 
     </span>
     <span class='ocr_line' id='line_1_10' title="bbox 65 1409 244 1475; baseline 0 -15"><span class='ocrx_word' id='word_1_56' title='bbox 65 1409 117 1460; x_wconf 85' lang='lat' dir='ltr'>cit.</span> <span class='ocrx_word' id='word_1_57' title='bbox 130 1427 160 1475; x_wconf 91' lang='lat' dir='ltr'>p.</span> <span class='ocrx_word' id='word_1_58' title='bbox 176 1411 244 1471; x_wconf 88' lang='grc'><strong>15.)</strong></span> 
     </span>
    </p>
   </div>
   <div class='ocr_carea' id='block_1_4' title="bbox 67 1507 1062 2495">
    <p class='ocr_par' dir='ltr' id='par_1_4' title="bbox 67 1507 1062 2495">
     <span class='ocr_line' id='line_1_11' title="bbox 97 1507 1061 1578; baseline 0.003 -18"><span class='ocrx_word' id='word_1_59' title='bbox 97 1507 186 1574; x_wconf 70' lang='lat' dir='ltr'>²Qua</span> <span class='ocrx_word' id='word_1_60' title='bbox 198 1509 237 1561; x_wconf 89' lang='lat' dir='ltr'>de</span> <span class='ocrx_word' id='word_1_61' title='bbox 249 1526 280 1561; x_wconf 90' lang='lat' dir='ltr'>re</span> <span class='ocrx_word' id='word_1_62' title='bbox 297 1510 444 1576; x_wconf 90' lang='lat' dir='ltr'>Vogelius:</span> <span class='ocrx_word' id='word_1_63' title='bbox 469 1510 536 1560; x_wconf 87' lang='lat' dir='ltr'>‘&#39;lm</span> <span class='ocrx_word' id='word_1_64' title='bbox 546 1526 657 1574; x_wconf 77' lang='lat' dir='ltr'>ganzen</span> <span class='ocrx_word' id='word_1_65' title='bbox 673 1512 737 1562; x_wconf 83' lang='lat' dir='ltr'>sind</span> <span class='ocrx_word' id='word_1_66' title='bbox 754 1510 858 1576; x_wconf 88' lang='lat' dir='ltr'>jedoch</span> <span class='ocrx_word' id='word_1_67' title='bbox 878 1511 969 1578; x_wconf 87' lang='lat' dir='ltr'>grobe</span> <span class='ocrx_word' id='word_1_68' title='bbox 991 1512 1061 1564; x_wconf 88' lang='lat' dir='ltr'>Bar-</span> 
     </span>
     <span class='ocr_line' id='line_1_12' title="bbox 68 1592 1061 1660; baseline 0.004 -16"><span class='ocrx_word' id='word_1_69' title='bbox 68 1592 224 1645; x_wconf 86' lang='lat' dir='ltr'>barismen</span> <span class='ocrx_word' id='word_1_70' title='bbox 265 1593 345 1645; x_wconf 90' lang='lat' dir='ltr'>nicht</span> <span class='ocrx_word' id='word_1_71' title='bbox 375 1593 441 1645; x_wconf 86' lang='lat' dir='ltr'>sehr</span> <span class='ocrx_word' id='word_1_72' title='bbox 476 1593 591 1660; x_wconf 80' lang='lat' dir='ltr'>haeufig</span> <span class='ocrx_word' id='word_1_73' title='bbox 617 1594 662 1646; x_wconf 87' lang='lat' dir='ltr'>bei</span> <span class='ocrx_word' id='word_1_74' title='bbox 698 1594 730 1646; x_wconf 84' lang='lat' dir='ltr'>E.</span> <span class='ocrx_word' id='word_1_75' title='bbox 744 1634 750 1647; x_wconf 92' lang='lat'><em>.</em></span> <span class='ocrx_word' id='word_1_76' title='bbox 764 1634 790 1647; x_wconf 92' lang='lat'>..</span> <span class='ocrx_word' id='word_1_77' title='bbox 808 1595 918 1646; x_wconf 76' lang='lat' dir='ltr'>Dorum</span> <span class='ocrx_word' id='word_1_78' title='bbox 949 1595 988 1646; x_wconf 90' lang='lat' dir='ltr'>ist</span> <span class='ocrx_word' id='word_1_79' title='bbox 1014 1597 1061 1648; x_wconf 85' lang='lat' dir='ltr'>bei</span> 
     </span>
     <span class='ocr_line' id='line_1_13' title="bbox 68 1675 1060 1744; baseline 0.005 -19"><span class='ocrx_word' id='word_1_80' title='bbox 68 1675 270 1729; x_wconf 89' lang='lat' dir='ltr'>inkorrekten</span> <span class='ocrx_word' id='word_1_81' title='bbox 282 1675 405 1727; x_wconf 84' lang='lat' dir='ltr'>Formen</span> <span class='ocrx_word' id='word_1_82' title='bbox 416 1676 572 1729; x_wconf 74' lang='lat' dir='ltr'>zunoechst</span> <span class='ocrx_word' id='word_1_83' title='bbox 583 1678 627 1729; x_wconf 90' lang='lat' dir='ltr'>die</span> <span class='ocrx_word' id='word_1_84' title='bbox 638 1675 863 1744; x_wconf 86' lang='lat' dir='ltr'>Ueberlieferung</span> <span class='ocrx_word' id='word_1_85' title='bbox 879 1677 933 1729; x_wconf 92' lang='lat' dir='ltr'>mit</span> <span class='ocrx_word' id='word_1_86' title='bbox 949 1678 1060 1730; x_wconf 86' lang='lat' dir='ltr'>berech·</span> 
     </span>
     <span class='ocr_line' id='line_1_14' title="bbox 68 1758 1059 1828; baseline 0.003 -18"><span class='ocrx_word' id='word_1_87' title='bbox 68 1759 178 1825; x_wconf 84' lang='lat' dir='ltr'>tigtem</span> <span class='ocrx_word' id='word_1_88' title='bbox 197 1760 385 1811; x_wconf 86' lang='lat' dir='ltr'>Misstrauen</span> <span class='ocrx_word' id='word_1_89' title='bbox 400 1776 434 1812; x_wconf 88' lang='lat' dir='ltr'>zu</span> <span class='ocrx_word' id='word_1_90' title='bbox 450 1758 583 1827; x_wconf 85' lang='lat' dir='ltr'>pruefen.</span> <span class='ocrx_word' id='word_1_91' title='bbox 598 1800 604 1813; x_wconf 92' lang='lat'>.</span> <span class='ocrx_word' id='word_1_92' title='bbox 618 1801 624 1812; x_wconf 91' lang='lat'>.</span> <span class='ocrx_word' id='word_1_93' title='bbox 638 1760 752 1813; x_wconf 87' lang='lat' dir='ltr'>Ebenso</span> <span class='ocrx_word' id='word_1_94' title='bbox 768 1777 833 1813; x_wconf 86' lang='lat' dir='ltr'>war</span> <span class='ocrx_word' id='word_1_95' title='bbox 849 1760 881 1813; x_wconf 80' lang='lat' dir='ltr'>B.</span> <span class='ocrx_word' id='word_1_96' title='bbox 893 1777 928 1812; x_wconf 88' lang='lat' dir='ltr'>zu</span> <span class='ocrx_word' id='word_1_97' title='bbox 945 1769 1059 1828; x_wconf 87' lang='lat' dir='ltr'>aengst-</span> 
     </span>
     <span class='ocr_line' id='line_1_15' title="bbox 69 1832 1060 1911; baseline 0.005 -19"><span class='ocrx_word' id='word_1_98' title='bbox 69 1841 124 1893; x_wconf 88' lang='lat' dir='ltr'>lieh</span> <span class='ocrx_word' id='word_1_99' title='bbox 141 1859 195 1894; x_wconf 89' lang='lat' dir='ltr'>um</span> <span class='ocrx_word' id='word_1_100' title='bbox 213 1843 274 1895; x_wconf 90' lang='lat' dir='ltr'>den</span> <span class='ocrx_word' id='word_1_101' title='bbox 291 1842 385 1894; x_wconf 87' lang='lat' dir='ltr'>Ruhm</span> <span class='ocrx_word' id='word_1_102' title='bbox 400 1844 476 1895; x_wconf 86' lang='lat' dir='ltr'>einer</span> <span class='ocrx_word' id='word_1_103' title='bbox 486 1843 647 1910; x_wconf 88' lang='lat' dir='ltr'>gebildeten</span> <span class='ocrx_word' id='word_1_104' title='bbox 659 1844 783 1911; x_wconf 82' lang='lat' dir='ltr'>Spraehe</span> <span class='ocrx_word' id='word_1_105' title='bbox 794 1843 922 1911; x_wconf 84' lang='lat' dir='ltr'>besorgt,</span> <span class='ocrx_word' id='word_1_106' title='bbox 935 1844 979 1896; x_wconf 87' lang='lat' dir='ltr'>als</span> <span class='ocrx_word' id='word_1_107' title='bbox 991 1832 1060 1897; x_wconf 80' lang='lat' dir='ltr'>dass</span> 
     </span>
     <span class='ocr_line' id='line_1_16' title="bbox 69 1924 1060 1993; baseline 0.003 -17"><span class='ocrx_word' id='word_1_108' title='bbox 69 1941 98 1975; x_wconf 89' lang='lat' dir='ltr'>er</span> <span class='ocrx_word' id='word_1_109' title='bbox 109 1926 211 1977; x_wconf 88' lang='lat' dir='ltr'>seinen</span> <span class='ocrx_word' id='word_1_110' title='bbox 226 1924 416 1978; x_wconf 86' lang='lat' dir='ltr'>Wortschatz</span> <span class='ocrx_word' id='word_1_111' title='bbox 427 1925 515 1978; x_wconf 88' lang='lat' dir='ltr'>durch</span> <span class='ocrx_word' id='word_1_112' title='bbox 527 1926 596 1979; x_wconf 83' lang='lat' dir='ltr'>viele</span> <span class='ocrx_word' id='word_1_113' title='bbox 607 1926 823 1993; x_wconf 88' lang='lat' dir='ltr'>Neubildungen</span> <span class='ocrx_word' id='word_1_114' title='bbox 835 1943 888 1979; x_wconf 88' lang='lat' dir='ltr'>aus</span> <span class='ocrx_word' id='word_1_115' title='bbox 899 1927 950 1978; x_wconf 90' lang='lat' dir='ltr'>der</span> <span class='ocrx_word' id='word_1_116' title='bbox 960 1928 1060 1979; x_wconf 87' lang='lat' dir='ltr'>Volks·</span> 
     </span>
     <span class='ocr_line' id='line_1_17' title="bbox 70 2008 1060 2077; baseline 0.004 -19"><span class='ocrx_word' id='word_1_117' title='bbox 70 2009 194 2074; x_wconf 86' lang='lat' dir='ltr'>sprache</span> <span class='ocrx_word' id='word_1_118' title='bbox 211 2025 251 2060; x_wconf 88' lang='lat' dir='ltr'>zu</span> <span class='ocrx_word' id='word_1_119' title='bbox 269 2008 431 2061; x_wconf 83' lang='lat' dir='ltr'>bereichern</span> <span class='ocrx_word' id='word_1_120' title='bbox 441 2016 561 2077; x_wconf 82' lang='lat' dir='ltr'>gewagt</span> <span class='ocrx_word' id='word_1_121' title='bbox 572 2009 680 2062; x_wconf 83' lang='lat' dir='ltr'>haette.</span> <span class='ocrx_word' id='word_1_122' title='bbox 713 2010 793 2061; x_wconf 87' lang='lat' dir='ltr'>Auch</span> <span class='ocrx_word' id='word_1_123' title='bbox 809 2010 898 2061; x_wconf 89' lang='lat' dir='ltr'>hierin</span> <span class='ocrx_word' id='word_1_124' title='bbox 920 2011 974 2062; x_wconf 86' lang='lat' dir='ltr'>hat</span> <span class='ocrx_word' id='word_1_125' title='bbox 990 2028 1060 2063; x_wconf 86' lang='lat' dir='ltr'>man</span> 
     </span>
     <span class='ocr_line' id='line_1_18' title="bbox 67 2090 1061 2160; baseline 0.006 -20"><span class='ocrx_word' id='word_1_126' title='bbox 67 2090 128 2142; x_wconf 87' lang='lat' dir='ltr'>ihm</span> <span class='ocrx_word' id='word_1_127' title='bbox 149 2091 314 2158; x_wconf 90' lang='lat' dir='ltr'>unbilliger</span> <span class='ocrx_word' id='word_1_128' title='bbox 342 2093 431 2144; x_wconf 84' lang='lat' dir='ltr'>Weise</span> <span class='ocrx_word' id='word_1_129' title='bbox 451 2092 541 2160; x_wconf 87' lang='lat' dir='ltr'>einige</span> <span class='ocrx_word' id='word_1_130' title='bbox 562 2099 742 2145; x_wconf 73' lang='lat' dir='ltr'>monstruose</span> <span class='ocrx_word' id='word_1_131' title='bbox 765 2093 923 2159; x_wconf 86' lang='lat' dir='ltr'>Bildungen</span> <span class='ocrx_word' id='word_1_132' title='bbox 940 2093 994 2145; x_wconf 82' lang='lat' dir='ltr'>auf</span> <span class='ocrx_word' id='word_1_133' title='bbox 1016 2094 1061 2146; x_wconf 90' lang='lat' dir='ltr'>die</span> 
     </span>
     <span class='ocr_line' id='line_1_19' title="bbox 71 2174 1060 2244; baseline 0.002 -17"><span class='ocrx_word' id='word_1_134' title='bbox 71 2175 234 2244; x_wconf 88' lang='lat' dir='ltr'>Rechnung</span> <span class='ocrx_word' id='word_1_135' title='bbox 251 2174 436 2243; x_wconf 82' lang='lat' dir='ltr'>geschrieben</span> <span class='ocrx_word' id='word_1_136' title='bbox 457 2176 511 2229; x_wconf 82' lang='lat' dir='ltr'>wie</span> <span class='ocrx_word' id='word_1_137' title='bbox 527 2176 746 2240; x_wconf 80' lang='lat' dir='ltr'>inabstinentia,</span> <span class='ocrx_word' id='word_1_138' title='bbox 769 2193 811 2243; x_wconf 87' lang='lat' dir='ltr'>ep.</span> <span class='ocrx_word' id='word_1_139' title='bbox 830 2177 876 2228; x_wconf 88' lang='lat' dir='ltr'>IV.</span> <span class='ocrx_word' id='word_1_140' title='bbox 891 2178 947 2229; x_wconf 84' lang='lat'>12.</span> <span class='ocrx_word' id='word_1_141' title='bbox 961 2216 967 2229; x_wconf 93' lang='lat'>.</span> <span class='ocrx_word' id='word_1_142' title='bbox 981 2217 987 2229; x_wconf 89' lang='lat'>.</span> <span class='ocrx_word' id='word_1_143' title='bbox 1000 2193 1060 2229; x_wconf 84' lang='lat' dir='ltr'>ver·</span> 
     </span>
     <span class='ocr_line' id='line_1_20' title="bbox 70 2261 1060 2328; baseline 0.002 -17"><span class='ocrx_word' id='word_1_144' title='bbox 70 2277 170 2325; x_wconf 85' lang='lat' dir='ltr'>venae,</span> <span class='ocrx_word' id='word_1_145' title='bbox 184 2262 268 2313; x_wconf 90' lang='lat' dir='ltr'>Dict.</span> <span class='ocrx_word' id='word_1_146' title='bbox 282 2261 329 2313; x_wconf 90' lang='lat'>11.</span> <span class='ocrx_word' id='word_1_147' title='bbox 343 2263 360 2312; x_wconf 88' lang='grc'>5</span> <span class='ocrx_word' id='word_1_148' title='bbox 374 2262 390 2285; x_wconf 86' lang='grc'>”</span> <span class='ocrx_word' id='word_1_149' title='bbox 403 2277 477 2328; x_wconf 86' lang='lat' dir='ltr'>quae</span> <span class='ocrx_word' id='word_1_150' title='bbox 493 2261 607 2328; x_wconf 90' lang='lat' dir='ltr'>quidem</span> <span class='ocrx_word' id='word_1_151' title='bbox 618 2261 772 2323; x_wconf 80' lang='lat' dir='ltr'>vocabula,</span> <span class='ocrx_word' id='word_1_152' title='bbox 785 2268 819 2313; x_wconf 90' lang='lat' dir='ltr'>ut</span> <span class='ocrx_word' id='word_1_153' title='bbox 836 2261 969 2325; x_wconf 75' lang='lat' dir='ltr'>Vogelius</span> <span class='ocrx_word' id='word_1_154' title='bbox 986 2268 1060 2315; x_wconf 86' lang='lat' dir='ltr'>reete</span> 
     </span>
     <span class='ocr_line' id='line_1_21' title="bbox 71 2343 1062 2412; baseline 0.003 -18"><span class='ocrx_word' id='word_1_155' title='bbox 71 2345 202 2410; x_wconf 81' lang='lat' dir='ltr'>exponit,</span> <span class='ocrx_word' id='word_1_156' title='bbox 216 2343 294 2395; x_wconf 90' lang='lat' dir='ltr'>nihil</span> <span class='ocrx_word' id='word_1_157' title='bbox 306 2343 386 2396; x_wconf 83' lang='lat' dir='ltr'>aliud</span> <span class='ocrx_word' id='word_1_158' title='bbox 396 2350 466 2396; x_wconf 89' lang='lat' dir='ltr'>suut</span> <span class='ocrx_word' id='word_1_159' title='bbox 482 2361 571 2412; x_wconf 89' lang='lat' dir='ltr'>quam</span> <span class='ocrx_word' id='word_1_160' title='bbox 587 2345 616 2395; x_wconf 92' lang='lat' dir='ltr'>in</span> <span class='ocrx_word' id='word_1_161' title='bbox 633 2344 814 2396; x_wconf 84' lang='lat' dir='ltr'>abstinentia</span> <span class='ocrx_word' id='word_1_162' title='bbox 829 2351 859 2397; x_wconf 90' lang='lat' dir='ltr'>et</span> <span class='ocrx_word' id='word_1_163' title='bbox 879 2344 1062 2397; x_wconf 81' lang='lat' dir='ltr'>verbenae.-</span> 
     </span>
     <span class='ocr_line' id='line_1_22' title="bbox 68 2425 968 2495; baseline 0.002 -18"><span class='ocrx_word' id='word_1_164' title='bbox 68 2425 102 2478; x_wconf 85' lang='lat' dir='ltr'>ef.</span> <span class='ocrx_word' id='word_1_165' title='bbox 116 2425 190 2495; x_wconf 86' lang='lat' dir='ltr'>Vog.</span> <span class='ocrx_word' id='word_1_166' title='bbox 205 2445 260 2495; x_wconf 86' lang='lat' dir='ltr'>ap.</span> <span class='ocrx_word' id='word_1_167' title='bbox 274 2425 395 2479; x_wconf 89' lang='lat' dir='ltr'>Woelffl.</span> <span class='ocrx_word' id='word_1_168' title='bbox 407 2426 489 2478; x_wconf 83' lang='lat' dir='ltr'>Arch.</span> <span class='ocrx_word' id='word_1_169' title='bbox 503 2426 520 2478; x_wconf 88' lang='lat' dir='ltr'>f.</span> <span class='ocrx_word' id='word_1_170' title='bbox 533 2427 600 2479; x_wconf 91' lang='lat' dir='ltr'>Lat.</span> <span class='ocrx_word' id='word_1_171' title='bbox 614 2427 762 2495; x_wconf 81' lang='lat' dir='ltr'>Lexicogr.</span> <span class='ocrx_word' id='word_1_172' title='bbox 776 2427 797 2477; x_wconf 93' lang='lat'>1.</span> <span class='ocrx_word' id='word_1_173' title='bbox 810 2444 837 2493; x_wconf 89' lang='lat' dir='ltr'>p.</span> <span class='ocrx_word' id='word_1_174' title='bbox 851 2429 909 2479; x_wconf 87' lang='grc'>268</span> <span class='ocrx_word' id='word_1_175' title='bbox 926 2443 968 2494; x_wconf 88' lang='lat' dir='ltr'>sq.</span> 
     </span>
    </p>
   </div>
   <div class='ocr_carea' id='block_1_5' title="bbox 71 2524 1061 3009">
    <p class='ocr_par' dir='ltr' id='par_1_5' title="bbox 71 2524 1061 3009">
     <span class='ocr_line' id='line_1_23' title="bbox 99 2524 1061 2593; baseline 0.003 -17"><span class='ocrx_word' id='word_1_176' title='bbox 99 2524 277 2580; x_wconf 77' lang='lat' dir='ltr'>⁸Vocabula</span> <span class='ocrx_word' id='word_1_177' title='bbox 300 2524 416 2593; x_wconf 87' lang='lat' dir='ltr'>quidem</span> <span class='ocrx_word' id='word_1_178' title='bbox 446 2542 480 2577; x_wconf 86' lang='lat' dir='ltr'>ex</span> <span class='ocrx_word' id='word_1_179' title='bbox 503 2525 672 2593; x_wconf 83' lang='lat' dir='ltr'>Hieronymi</span> <span class='ocrx_word' id='word_1_180' title='bbox 694 2526 828 2592; x_wconf 89' lang='lat' dir='ltr'>operibus</span> <span class='ocrx_word' id='word_1_181' title='bbox 850 2525 1021 2592; x_wconf 86' lang='lat' dir='ltr'>singillatim</span> <span class='ocrx_word' id='word_1_182' title='bbox 1042 2544 1061 2579; x_wconf 88' lang='lat' dir='ltr'>a</span> 
     </span>
     <span class='ocr_line' id='line_1_24' title="bbox 72 2608 1061 2676; baseline 0.002 -17"><span class='ocrx_word' id='word_1_183' title='bbox 72 2608 187 2662; x_wconf 82' lang='lat' dir='ltr'>Goelzer</span> <span class='ocrx_word' id='word_1_184' title='bbox 209 2614 358 2663; x_wconf 87' lang='lat' dir='ltr'>tractata</span> <span class='ocrx_word' id='word_1_185' title='bbox 389 2609 466 2675; x_wconf 89' lang='lat' dir='ltr'>apud</span> <span class='ocrx_word' id='word_1_186' title='bbox 492 2608 668 2674; x_wconf 90' lang='lat' dir='ltr'>scriptorum</span> <span class='ocrx_word' id='word_1_187' title='bbox 694 2608 874 2676; x_wconf 87' lang='lat' dir='ltr'>optimorum</span> <span class='ocrx_word' id='word_1_188' title='bbox 900 2625 1061 2661; x_wconf 87' lang='lat' dir='ltr'>sermonem</span> 
     </span>
     <span class='ocr_line' id='line_1_25' title="bbox 71 2691 1061 2760; baseline 0.004 -19"><span class='ocrx_word' id='word_1_189' title='bbox 71 2691 202 2746; x_wconf 87' lang='lat' dir='ltr'>solutum</span> <span class='ocrx_word' id='word_1_190' title='bbox 214 2692 386 2746; x_wconf 88' lang='lat' dir='ltr'>maximam</span> <span class='ocrx_word' id='word_1_191' title='bbox 396 2698 510 2757; x_wconf 87' lang='lat' dir='ltr'>partem</span> <span class='ocrx_word' id='word_1_192' title='bbox 521 2692 640 2744; x_wconf 87' lang='lat' dir='ltr'>inveniri</span> <span class='ocrx_word' id='word_1_193' title='bbox 653 2708 712 2743; x_wconf 91' lang='lat' dir='ltr'>non</span> <span class='ocrx_word' id='word_1_194' title='bbox 723 2699 862 2759; x_wconf 88' lang='lat' dir='ltr'>possunt:</span> <span class='ocrx_word' id='word_1_195' title='bbox 874 2708 933 2759; x_wconf 90' lang='lat' dir='ltr'>quo</span> <span class='ocrx_word' id='word_1_196' title='bbox 941 2693 1061 2760; x_wconf 83' lang='lat' dir='ltr'>aequius</span> 
     </span>
     <span class='ocr_line' id='line_1_26' title="bbox 71 2773 1061 2843; baseline 0.005 -19"><span class='ocrx_word' id='word_1_197' title='bbox 71 2773 159 2841; x_wconf 86' lang='lat' dir='ltr'>igitur</span> <span class='ocrx_word' id='word_1_198' title='bbox 179 2778 264 2830; x_wconf 88' lang='lat' dir='ltr'>inter</span> <span class='ocrx_word' id='word_1_199' title='bbox 286 2781 446 2841; x_wconf 87' lang='lat' dir='ltr'>utrumque</span> <span class='ocrx_word' id='word_1_200' title='bbox 467 2776 639 2843; x_wconf 85' lang='lat' dir='ltr'>scriptorem</span> <span class='ocrx_word' id='word_1_201' title='bbox 662 2782 856 2842; x_wconf 83' lang='lat' dir='ltr'>comparetur,</span> <span class='ocrx_word' id='word_1_202' title='bbox 880 2776 980 2828; x_wconf 90' lang='lat' dir='ltr'>omnia</span> <span class='ocrx_word' id='word_1_203' title='bbox 1005 2774 1061 2829; x_wconf 86' lang='lat' dir='ltr'>fere</span> 
     </span>
     <span class='ocr_line' id='line_1_27' title="bbox 71 2856 1061 2926; baseline 0.004 -18"><span class='ocrx_word' id='word_1_204' title='bbox 71 2858 158 2912; x_wconf 76' lang='lat' dir='ltr'>verba</span> <span class='ocrx_word' id='word_1_205' title='bbox 169 2858 361 2913; x_wconf 84' lang='lat' dir='ltr'>Ennodiana</span> <span class='ocrx_word' id='word_1_206' title='bbox 371 2873 445 2924; x_wconf 86' lang='lat' dir='ltr'>quae</span> <span class='ocrx_word' id='word_1_207' title='bbox 456 2858 510 2911; x_wconf 86' lang='lat' dir='ltr'>hac</span> <span class='ocrx_word' id='word_1_208' title='bbox 521 2859 550 2910; x_wconf 95' lang='lat' dir='ltr'>in</span> <span class='ocrx_word' id='word_1_209' title='bbox 562 2858 768 2911; x_wconf 88' lang='lat' dir='ltr'>dissertatione</span> <span class='ocrx_word' id='word_1_210' title='bbox 779 2856 968 2926; x_wconf 88' lang='lat' dir='ltr'>proferentur,</span> <span class='ocrx_word' id='word_1_211' title='bbox 982 2860 1061 2926; x_wconf 80' lang='lat' dir='ltr'>apud</span> 
     </span>
     <span class='ocr_line' id='line_1_28' title="bbox 71 2940 731 3009; baseline 0.005 -18"><span class='ocrx_word' id='word_1_212' title='bbox 71 2940 249 3009; x_wconf 87' lang='lat' dir='ltr'>Ciceronem,</span> <span class='ocrx_word' id='word_1_213' title='bbox 264 2942 427 2997; x_wconf 86' lang='lat' dir='ltr'>Caesarem</span> <span class='ocrx_word' id='word_1_214' title='bbox 438 2942 607 3009; x_wconf 77' lang='lat' dir='ltr'>Liviumque</span> <span class='ocrx_word' id='word_1_215' title='bbox 618 2942 731 2994; x_wconf 84' lang='lat' dir='ltr'>desunt.</span> 
     </span>
    </p>
   </div>
   <div class='ocr_carea' id='block_1_6' title="bbox 0 0 1303 4400">
    <p class='ocr_par' dir='ltr' id='par_1_6' title="bbox 0 0 1303 4400">
     <span class='ocr_line' id='line_1_29' title="bbox 0 0 1303 4400; baseline 0 0"><span class='ocrx_word' id='word_1_216' title='bbox 0 0 1303 4400; x_wconf 95' lang='lat' dir='ltr'> </span> 
     </span>
    </p>
   </div>
  </div>
 </body>
</html>
