2592 4400
499 421 652 481 ,23-

92 609 117 649 2:
133 591 192 660 Vl,
213 607 266 664 23:
285 589 365 648 VII.
389 605 437 663 13,
456 604 508 662 31:
531 636 537 648 .
570 637 576 648 .
610 638 616 650 .
635 587 697 648 wie
712 587 788 646 sehr
799 586 876 647 aber
887 594 971 647 trotz
984 587 1063 648 aller

91 689 251 754 lektucre
273 687 332 746 das
354 687 483 747 bessere
505 685 766 765 Sprachgefuehl
787 686 892 747 durch
912 687 965 748 die
990 687 1062 747 bar-

90 788 259 848 barischen
292 789 399 852 Laute
428 785 486 845 der
515 785 819 864 Verkehrssprache
847 786 973 847 damals
1008 807 1062 865 ge-

90 889 290 965 schwungen
304 904 383 960 war,
402 887 667 965 das‘verleugnet
682 887 753 947 sich
774 905 871 965 sogar
893 906 934 947 an
957 887 1063 948 einem

90 1009 122 1049 so
135 995 241 1066 guten
257 987 407 1050 Stilisten
422 987 525 1060 nicht,
543 988 605 1049 wie
620 988 660 1054 E.
678 987 713 1047 in
735 987 799 1047 den
814 986 935 1065 Augen
957 987 1063 1047 seiner

91 1090 320 1166 Zeitgcnossen
335 1090 462 1149 war.'’¹

128 1186 286 1266 Ampere:
314 1190 363 1248 De
393 1187 523 1252 Ennodi
552 1188 713 1266 epistulis:
748 1188 835 1250 “Ces
863 1188 976 1248 lettres
1004 1193 1063 1248 ont

90 1290 258 1366 beaucoup
279 1287 427 1348 d’autres
448 1289 700 1349 ressemblances
714 1307 793 1349 avec
807 1288 903 1349 celles
917 1288 974 1348 des
989 1286 1062 1348 rhe-

91 1395 188 1449 teurs:
220 1387 268 1448 les
283 1387 441 1447 allusions
462 1385 482 1448 a
496 1387 528 1447 la
543 1387 629 1448 table
644 1394 678 1448 et
693 1386 713 1448 a
726 1387 889 1448 l’histoire
903 1386 1063 1465 heroique

90 1509 110 1562 y
125 1488 302 1548 abondent.
348 1472 505 1554 Ecrivant
529 1485 608 1548 aun
624 1495 718 1548 autre
733 1486 869 1565 evdque,
891 1487 1063 1553 Ennodius

90 1607 239 1666 compare
260 1588 333 1648 leur
347 1585 461 1648 amitie
483 1585 502 1648 ὲ
523 1587 603 1648 celle
626 1587 779 1649 d'Oreste
803 1595 836 1648 et
861 1587 901 1648 de
926 1587 1059 1662 Pylade,

91 1688 128 1748 de
153 1689 272 1751 Castor
300 1694 333 1748 et
362 1687 402 1747 de
427 1687 558 1747 Pollux.
605 1688 739 1748 Parlant
762 1687 803 1748 de
826 1689 858 1747 la
882 1691 978 1765 grace
1005 1687 1063 1765 qui

90 1787 227 1849 descend
253 1787 331 1847 d’en
353 1788 446 1860 haut,
471 1787 495 1847 il
517 1787 567 1847 dit
596 1788 717 1866 qu’elle
739 1788 830 1848 vient
859 1788 899 1848 de
921 1787 1059 1865 superis.

110 1939 116 1950 .
148 1938 154 1950 .
187 1885 323 1965 .Apres
352 1887 444 1948 avoir
468 1885 628 1949 demand&
651 1885 671 1948 a
691 1906 751 1948 son
781 1887 846 1948 ami
877 1887 1062 1948 Promerius

92 1987 146 2048 des
159 1987 379 2066 explicatioris
400 2005 458 2048 sur
478 1987 510 2047 la
534 1987 637 2060 Bible,
655 2006 713 2048 sur
736 1988 783 2048 les
806 1987 1007 2066 patriarches
1029 1992 1063 2048 et

91 2088 136 2147 les
157 2087 345 2166 prophetes
372 2087 395 2146 il
420 2087 557 2148 termine
580 2107 621 2148 en
646 2088 777 2166 parlant
801 2088 897 2148 dela
921 2087 998 2148 toile
1021 2087 1062 2148 de

94 2185 263 2267 Penelope.
301 2187 330 2248 Il
345 2185 427 2250 ecrit
449 2186 598 2261 aBodce,
617 2187 647 2249 le
663 2187 792 2249 dernier
813 2187 870 2249 des
892 2187 1060 2261 Romains,

94 2304 155 2349 une
176 2288 274 2349 lettre
298 2295 390 2349 toute
412 2288 521 2367 pleine
544 2288 584 2349 de
599 2286 748 2362 Ciceron,
766 2288 807 2348 de
827 2286 1059 2361 Demosthene,

93 2388 131 2449 de
152 2389 345 2467 Scipion.’'2

133 2487 253 2548 Retke:
281 2487 478 2553 “Ennodius
515 2495 603 2548 certe
652 2487 946 2566 praestantioribus
984 2505 1064 2548 suae

94 2588 207 2648 aetatis
223 2586 439 2665 scriptoribus
462 2596 511 2648 est
535 2586 812 2648 adnumerandus.
859 2588 952 2655 Licet
975 2588 1064 2648 enim

94 2686 161 2764 ipsa
175 2695 362 2765 temporum
376 2687 523 2748 condicio
538 2688 585 2748 rei
604 2687 784 2748 litterariae
798 2706 864 2747 non
887 2687 1064 2748 admodum

94 2784 225 2859 faveret,
265 2793 376 2846 tamen
411 2788 446 2846 in
489 2787 619 2865 scriptis
663 2786 735 2847 eius
779 2801 845 2847 non
882 2786 1065 2865 spernenda

95 2884 248 2960 doctrina,
267 2894 395 2946 rectum
408 2886 569 2947 iudicium
589 2894 623 2947 et
644 2886 769 2964 ingenii
793 2905 929 2947 acumen
951 2886 1064 2965 depre-

94 2982 258 3059 henditur;
283 2985 340 3045 sed
354 3004 414 3046 nec
428 2986 615 3065 eloquentia
629 2986 661 3046 ei
675 2985 830 3063 denegari
851 2993 970 3064 potest,
988 2986 1066 3047 licet

95 3100 152 3159 pro
186 3093 316 3164 recepto
353 3092 432 3146 tunc
464 3105 553 3146 more
582 3086 670 3161 stylo
699 3086 806 3146 utitur
834 3086 1003 3164 exquisito
1030 3094 1065 3147 et

95 3185 339 3262 pompatico.''³

139 3284 210 3344 Hac
245 3284 379 3363 quidem
407 3286 441 3345 in
463 3284 693 3347 dissertatione
713 3285 919 3364 propositum
947 3292 997 3345 est
1026 3292 1065 3345 ut

95 3395 218 3408 ᾖ

129 3442 180 3498 ¹cf.
191 3448 286 3515 Vogel,
299 3449 415 3502 Woelffl.
429 3450 511 3503 Arch.
522 3448 541 3502 f.
554 3451 621 3503 Lat.
634 3449 782 3516 Lexicogr.
796 3450 817 3501 1.
834 3450 935 3511 (1884)
955 3465 983 3515 p.
996 3450 1065 3500 267.

129 3524 182 3581 'ci
190 3532 214 3595 J.
223 3534 247 3597 J.
260 3532 389 3599 Ampere,
402 3534 478 3587 Hist.
491 3534 574 3597 Lite..
587 3539 661 3585 tom.
674 3534 692 3584 2
703 3549 726 3583 c.
739 3533 802 3584 VII.
814 3548 842 3598 p.
855 3534 922 3583 198.

97 3693 120 3743 2
123 3607 182 3742 δὀἱ
193 3614 223 3666 A.
236 3616 331 3680 Retke,
349 3617 538 3684 Patrologiae
555 3614 723 3681 compend„
745 3614 913 3677 Varsaviae,
932 3614 1018 3677 1889,
1035 3630 1063 3680 p.

143 3696 169 3745 2.
