2592 4400
645 384 800 439 -18—

284 563 425 640 (Contra
438 563 649 641 legem)-de
663 569 760 640 capta
780 561 914 622 civitate
937 562 1085 623 hostium
1108 583 1210 625 sacer-

238 664 332 724 dotes
346 670 379 723 et
394 663 544 724 Vestales
558 663 704 741 virgines
717 662 812 722 liberi
827 661 1050 723 dimittantur.

284 762 343 839 (In
358 762 546 824 abdicatum
561 763 618 841 qui
632 770 726 841 patre
748 769 863 822 necato
886 762 984 822 matri
1008 781 1140 842 quoque
1163 765 1209 824 in-

238 863 450 941 sidiebatur.)
1291 862 1292 897 l

610 991 638 1029 D.
669 990 839 1029 sunsonmr.
1292 1032 1293 1071 1

283 1095 392 1156 Dictio
409 1115 453 1156 ex
477 1102 622 1174 tempore
645 1114 745 1173 quam
768 1095 837 1173 ipse
861 1095 1038 1156 Deuterius
1061 1097 1207 1157 iniunxit
1292 1144 1293 1169 .

243 1195 369 1272 (Verba
385 1195 552 1256 Diomedis
566 1214 642 1256 cum
658 1195 774 1255 uxoris
788 1194 950 1255 adulteria
964 1197 1206 1274 cognovisset.)

282 1294 409 1371 (Verba
424 1295 572 1369 Didonis,
589 1313 666 1356 cum
681 1295 848 1356 absentem
858 1295 990 1356 videret
1005 1295 1182 1374 Aeneam.)

282 1396 392 1457 Verba
408 1395 559 1469 Menelai,
578 1414 654 1456 cum
669 1391 803 1455 Troiam
818 1395 944 1456 videret
959 1403 1124 1458 exustam.

281 1496 390 1556 Verba
404 1492 566 1568 Thetidis,
581 1513 657 1556 cum
673 1494 837 1556 Achillem
859 1496 984 1556 videret
1007 1497 1202 1557 extinctum.

282 1595 391 1657 Verba
406 1595 554 1668 Iunonis,
572 1613 648 1656 cum
664 1594 816 1656 Anaeum
831 1594 956 1656 videret
966 1615 1078 1674 parem
1086 1595 1211 1658 viribus

242 1696 397 1757 Herculis
411 1695 590 1756 exstitisse.

283 1794 427 1874 Ampere
442 1795 577 1874 igitur1:
605 1797 720 1855 “Dans
735 1796 766 1855 le
787 1795 907 1856 recueil
931 1795 971 1857 de
994 1814 1047 1857 ses
1069 1814 1208 1869 oeuvres,

241 1894 265 1954 il
289 1914 308 1954 a
330 1893 427 1956 laisse
456 1893 624 1964 subsister‚
656 1912 782 1954 comme
810 1913 856 1954 un
885 1903 1078 1956 monument
1107 1896 1148 1957 de
1175 1914 1213 1956 sa
1294 1902 1295 1981 l

241 1995 391 2072 jeunesse
406 1991 510 2055 vouee
525 1992 545 2054 ὲ
559 1993 591 2053 la
605 1991 792 2054 litterature
806 1993 954 2071 profane,
972 1993 1030 2054 des
1052 1993 1211 2056 declama-

241 2094 354 2157 tionS.
388 2144 394 2156 .
428 2143 434 2156 .
454 2092 486 2153 A
500 2091 574 2154 cdte
596 2092 654 2154 des
675 2090 920 2167 declamations,
940 2094 996 2171 qui
1020 2103 1096 2155 sont
1119 2094 1159 2155 de
1182 2096 1217 2154 la

240 2192 431 2273 rhetorique
452 2212 534 2273 pure
555 2193 579 2254 il
602 2213 659 2269 ya
682 2193 764 2254 dans
787 2193 834 2254 les
855 2213 992 2256 oeuvres
1006 2194 1218 2262 d'Ennodius

241 2295 298 2356 des
309 2294 459 2368 dictione,
474 2294 675 2356 dest-adire
689 2293 746 2355 des
757 2294 904 2355 discours
915 2295 983 2373 qui,
995 2296 1213 2369 eux-memes,

240 2402 315 2456 sont
353 2396 529 2455 fortement
558 2394 736 2473 empreints
767 2394 808 2455 de
836 2393 1053 2474 rhetorique.
1087 2446 1093 2459 .
1127 2398 1219 2462 ‚Les

241 2493 477 2557 declamations
491 2494 573 2554 dont
587 2494 647 2572 j’ai
662 2492 753 2573 parle
768 2494 844 2573 plus
858 2495 942 2555 haut
963 2497 1218 2574 appartiennent

242 2592 428 2656 evidement
443 2592 462 2655 a
476 2592 630 2673 l’epoque
644 2594 782 2673 profane
796 2594 837 2655 de
851 2595 884 2654 la
898 2594 951 2655 vie
965 2595 1212 2662 d’Ennodius.'’

241 2693 354 2771 Atque
379 2694 499 2754 iterum
515 2696 541 2755 :²
570 2697 590 2721 ‘⁴
604 2695 649 2755 Ce
664 2694 721 2772 qui
743 2693 904 2773 complete
926 2695 959 2755 la
981 2696 1219 2756 ressemblance

242 2793 452 2859 d’Ennodius
467 2813 545 2855 avec
559 2794 606 2855 les
620 2792 773 2855 rheteurs
787 2793 910 2872 paiens,
929 2798 1011 2856 c’est
1027 2796 1111 2873 qu’il
1129 2815 1148 2855 a
1163 2793 1219 2856 ete

241 2893 272 2953 le
300 2890 512 2972 panegyriste
540 2893 581 2954 de
609 2891 830 2956 Theoderic.”
879 2894 967 2955 Illud
996 2895 1129 2972 quidem
1157 2913 1219 2972 pro

242 2990 445 3053 Theoderico
474 2993 635 3067 habitum,
668 2994 757 3072 apud
785 3001 932 3073 posteros
953 2995 1112 3068 omnium,
1133 3012 1219 3073 quae

242 3092 408 3171 scripserit
432 3092 603 3159 Ennodius
622 3112 731 3171 opera,
750 3095 912 3173 optimum
936 3095 1075 3155 forsitan
1098 3095 1220 3156 habea-

243 3200 317 3253 tur:
355 3193 567 3271 quamobrem
602 3201 696 3255 notat
730 3194 832 3261 Ebert
845 3198 872 3255 :8
908 3195 1037 3255 “Diese
1070 3194 1219 3262 Lobrede

243 3326 369 3335 ———

277 3391 286 3423 1
298 3387 331 3442 cf.
344 3390 474 3456 Amnem,
487 3392 564 3444 Hist.
578 3392 649 3445 Litt.
663 3409 710 3445 av.
723 3393 916 3459 Charlemag„
929 3393 1022 3456 Paris,
1036 3396 1123 3457 1867,
1141 3398 1216 3446 tom.

244 3476 271 3537 2,
283 3473 326 3525 ch.
339 3473 401 3525 VII.
414 3491 442 3539 p.
456 3476 513 3525 199
524 3490 567 3541 sq.

271 3571 325 3627 ¹th
338 3573 466 3641 Ampere,
479 3591 526 3641 op.
538 3574 586 3627 cit.
598 3592 621 3627 c.
635 3575 697 3628 v11.
710 3592 737 3643 p.
755 3577 823 3628 201.

274 3672 328 3727 δεῖ,
341 3673 437 3739 Ebert,
451 3674 524 3741 Allg.
537 3675 634 3727 Gesch.
647 3676 674 3727 d.
687 3676 720 3729 L.
733 3676 760 3729 d.
774 3676 885 3729 Mitalt.
898 3677 920 3729 I.
932 3693 960 3744 p.
972 3679 1040 3729 437.
