2592 4400
330 601 478 654 Ennodius
489 601 573 652 Vatis
584 600 654 652 lucis
665 600 810 652 rediturus
821 601 851 652 in
862 606 930 652 ortu

359 685 413 737 hoc
424 685 524 751 posuit
535 684 649 736 tumulo
660 684 790 750 corporis
800 684 928 736 exubias

328 768 424 820 clarus
435 767 514 835 prole
525 767 647 835 quidem,
660 768 826 834 generosior
835 768 896 833 ipse
906 767 1083 834 propinquis,

359 868 434 918 quos
444 850 559 903 functus
570 851 691 904 laudum
701 851 787 903 iussit
797 851 901 902 habere
918 850 1000 902 diem.

330 934 460 987 reddedit
470 935 524 987 hoc
534 935 614 986 caelo
626 934 776 986 vivacibus
786 934 832 985 ille
842 933 950 1001 figuris,

359 1035 424 1070 curn
434 1017 500 1070 fecit
510 1017 605 1070 famae
616 1017 711 1069 vivere
721 1017 889 1085 conloquiis.

329 1102 398 1171 quid
411 1102 515 1154 mirum
525 1102 550 1154 si
561 1107 656 1153 morte
666 1108 746 1153 caret
756 1107 827 1167 post
837 1101 935 1165 busta,
942 1102 1089 1168 superstis‚

360 1187 409 1253 qui
419 1186 650 1252 consanguineos
662 1185 792 1237 restituit
802 1186 920 1252 superis.

330 1276 458 1336 quantos
469 1269 524 1321 iste
534 1268 617 1330 soret,
632 1269 731 1320 mundi
741 1268 922 1321 caelebrator
932 1268 962 1320 in
973 1268 1061 1320 hortu

360 1368 409 1404 nec
420 1351 485 1404 silet
497 1352 605 1404 occidui
616 1351 741 1403 cardinis
753 1367 885 1403 oceanus.

330 1436 471 1488 scismata
480 1435 631 1487 coniunxit
642 1434 751 1486 dudum
762 1434 908 1487 discordia
917 1435 973 1501 legi

361 1519 455 1586 adque
465 1517 550 1570 fidem
562 1518 640 1570 Petri
652 1518 782 1570 reddedit
794 1517 926 1570 aeclesiis.

330 1603 439 1669 pollens
451 1602 593 1668 aeloquio,
607 1600 757 1653 ductrinae
768 1601 872 1654 nobilis
884 1609 948 1654 arte

361 1685 491 1736 restituit
502 1684 600 1736 Cristo
611 1683 777 1735 innumeros
788 1685 921 1751 populos.

329 1769 429 1834 largus
442 1768 485 1820 vel
496 1768 611 1834 sapiens
622 1766 863 1834 dispensatorque
873 1767 1013 1834 benignus

360 1852 479 1904 divitias
490 1851 605 1904 credens
616 1867 691 1918 quas
703 1851 782 1903 dedit
792 1868 852 1903 esse
863 1868 941 1915 suas,

331 1935 441 2001 templa
452 1935 505 1986 deo
516 1934 621 1987 faciens
630 1935 727 2001 ymnis
738 1934 888 1988 decoravit
898 1941 928 1988 et
940 1952 1013 1987 auro

360 2025 389 2070 et
400 2019 494 2084 paries
505 2018 595 2070 functi
607 2019 752 2085 dogmata
763 2034 837 2070 nunc
847 2018 985 2087 loquitur.

430 2118 583 2186 Depositus
595 2120 649 2170 sub
661 2119 688 2170 d.
702 2119 778 2170 XVI.
792 2119 858 2171 Kal.
872 2120 1022 2186 Augustas

569 2202 691 2255 Valerio.
705 2222 732 2254 v.
743 2219 766 2254 c.
778 2203 886 2255 consul.

282 2307 437 2366 Primus¹
464 2305 597 2384 quidem
620 2306 809 2372 Ennodium
838 2313 1006 2366 mortuum
1034 2308 1207 2367 commorat

241 2405 415 2467 Florianus
438 2404 571 2466 Abbas:
608 2405 726 2466 “Vide
750 2425 829 2483 ergo
852 2406 985 2483 quantis
1006 2404 1208 2466 adiutoribus
1283 2445 1284 2472 p

239 2507 351 2579 uteris,
370 2524 445 2566 cum
461 2524 512 2565 me
526 2506 671 2583 coeperis
687 2505 874 2566 obsecrare:
898 2512 1030 2565 sanctae
1039 2503 1208 2565 memoriae

238 2606 397 2666 domnum
413 2604 611 2670 ENNODIUM
630 2604 819 2683 pontificem
841 2601 1025 2665 Ticinensis
1046 2604 1206 2672 ecclesiae,

237 2706 296 2783 qui
311 2705 460 2783 generosi
489 2705 661 2783 sanguinis
685 2705 890 2765 nobilitatem
912 2705 1100 2765 humilitate
1121 2721 1208 2783 prae-

238 2805 332 2866 vexit
357 2805 398 2863 ad
417 2805 566 2882 gloriam,
585 2806 673 2865 utin
689 2805 838 2865 caelestis
852 2805 977 2882 patriae
993 2812 1107 2865 senato
1121 2805 1210 2864 fieret
1282 2787 1283 2832 ³

238 2912 271 2964 et
286 2904 331 2964 ibi
348 2913 488 2965 senator:
509 2905 604 2965 cuius
618 2904 906 2982 incomparabilem
921 2905 1088 2965 doctrinae
1101 2905 1209 2965 facun-

238 3005 326 3064 diam
362 3024 428 3065 non
465 3005 571 3065 solum
608 3012 748 3065 testatur
785 3003 934 3064 occidens
969 3004 1082 3064 sedet
1106 3005 1210 3066 oriens

238 3105 399 3164 instructa
414 3105 572 3165 miratur:
598 3105 743 3165 Nestorii
756 3104 892 3175 fulmen,
908 3103 1036 3169 Euticis
1045 3106 1210 3165 extinctor
1281 3175 1282 3186 ἵ

258 3255 264 3267 .
298 3255 304 3267 .
338 3205 433 3282 ,ipse
448 3224 526 3282 ergo
542 3223 634 3264 meus
652 3211 702 3264 est
716 3211 809 3282 pater
823 3223 867 3263 ex
888 3204 1045 3266 lavacro.
1079 3256 1085 3267 .
1119 3206 1210 3283 ,ipse

238 3305 341 3382 igitur
357 3304 438 3364 mihi
464 3305 576 3364 latinis
604 3304 774 3364 elementis
802 3303 948 3381 inposuit
970 3303 1207 3366 alfabetum.”2

241 3405 333 3464 Haec
356 3404 489 3481 quidem
504 3412 536 3463 et
551 3404 616 3464 alia
630 3403 795 3481 permulta
806 3403 993 3463 testimonia
1018 3403 1059 3463 de
1083 3401 1210 3470 Ennodi

238 3504 396 3563 memoria
411 3504 499 3581 apud
516 3510 664 3580 posteros
679 3522 698 3561 a
721 3502 860 3579 Vogelio
879 3503 948 3579 (ap.
968 3501 1058 3567 Edit.
1080 3502 1208 3569 Ennod.

268 3649 321 3702 ¹cf.
335 3652 406 3717 Vog.
420 3650 496 3702 Edit
509 3648 621 3702 Ennod.
634 3649 756 3717 praefat.
769 3667 796 3716 p.
809 3649 917 3703 XXVI.

267 3730 322 3784 ²cf.
336 3734 408 3800 Vog.
422 3733 498 3785 Edit.
511 3732 624 3785 Ennod.
637 3733 760 3800 praefat.
773 3750 800 3800 p.
813 3733 916 3786 LVIII.
