2592 4400
637 395 791 451 ..15-

227 572 448 639 SERMONE
471 570 694 639 PEDESTRI
718 572 870 640 OPERA
899 573 1059 635 OMNIA
1083 571 1222 656 QUAE

563 671 860 740 SUPERSUNT.¹

701 811 729 868 1.

479 953 731 1005 EPISTULARUM
744 958 842 1006 LIBRI
853 957 949 1002 VIIII.

690 1076 737 1133 ΙΙ.

513 1221 695 1270 OPUSCULA
716 1221 913 1271 MISCELLA:

270 1338 492 1416 Panegyricus
505 1335 709 1400 Theoderico
723 1340 794 1417 regi
808 1339 926 1401 dictus.

270 1439 417 1507 Libellus
431 1438 669 1517 Apologeticus
681 1458 742 1518 pro
760 1439 904 1515 synodo.

270 1540 349 1600 Vita
364 1538 531 1618 Epiphani
546 1538 700 1617 Episcopi
714 1536 908 1601 Ticinensis.

270 1640 349 1700 Vita
359 1638 484 1699 Antoni
502 1639 657 1699 Monachi
672 1639 862 1706 Lirinensis

252 1755 255 1762 ’
269 1737 552 1816 ¹(Eucharisticum
567 1738 608 1799 de
622 1739 692 1800 vita
705 1739 1008 1811 sua)-Confessio.

274 1838 743 1922 (Paraensis)—Concinnatio
758 1839 953 1900 didascalica
974 1839 1154 1902 Ambrosio
1168 1849 1205 1903 et

228 1941 338 2000 Beato.

269 2041 482 2116 Praeceptum
514 2038 646 2116 quando
682 2039 761 2099 iussi
798 2045 876 2098 sunt
912 2057 1025 2099 omnes
1053 2039 1203 2120 episcopi

222 2138 402 2200 cellulanos
416 2138 546 2199 habere.

268 2239 463 2300 Petitorium
478 2256 543 2316 quo
558 2239 729 2300 absolutus
744 2246 792 2299 est
809 2240 996 2301 Gerontius.

269 2339 456 2400 Benedictio
472 2338 564 2400 Cerei
581 2341 608 2399 1.

269 2439 457 2500 Benedictio
473 2426 565 2500 Cerei
582 2441 629 2500 11.

678 2572 744 2630 111.

605 2716 807 2767 DICTIONES.

622 2848 651 2885 Δ.
668 2846 791 2885 stem.

266 2939 306 2995 In
321 2935 430 2995 natale
445 2934 602 3002 Laurenti
619 2935 873 2995 Mediolanensis
887 2934 1039 3014 episcopi.

265 3038 305 3095 In
321 3034 525 3096 dedicatione
539 3035 692 3095 basilicae
714 3036 946 3113 apostolorum,
964 3034 1063 3094 missa
1078 3034 1198 3092 Hono-

221 3142 294 3195 rato
309 3134 460 3213 episcopo
482 3134 688 3196 Novariensi.

263 3234 372 3295 Dictio
387 3233 464 3293 data
479 3233 660 3312 Stephanio
675 3255 706 3295 v.
721 3252 747 3294 S.
763 3233 885 3294 vicario
895 3233 1032 3294 dicenda
1042 3229 1199 3291 Maximo
1295 3302 1296 3315 χ

218 3334 381 3413 episcopo.

264 3437 304 3494 In
320 3432 533 3505 dedicatione,
552 3433 651 3493 missa
667 3432 817 3494 Maximo
831 3433 993 3512 episcopo.

262 3533 371 3595 Dictio
387 3532 573 3611 incipientis
587 3532 741 3611 episcopi.

248 3696 300 3751 ¹cs.
313 3700 385 3765 Vog.
399 3696 475 3749 Edit.
489 3696 600 3749 Ennod.
613 3714 660 3765 pp.
674 3700 740 3762 329,
753 3698 820 3749 330.
