2592 4400
492 486 647 542 „19-

81 649 120 710 ist
154 651 309 712 offenbar
344 651 405 711 mit
441 651 635 714 besonderer
664 652 811 730 Sorgfalt
840 671 904 713 von
927 671 1060 715 unserm

82 751 277 826 geistlichen
311 751 437 811 Rhetor
466 750 709 828 ausgearbeitet
738 750 881 825 worden,
914 753 983 814 und
1011 754 1059 815 sie

81 850 165 910 kann
183 852 290 912 daher
305 852 399 911 recht
413 869 488 911 zum
505 851 649 912 masstab
670 851 744 912 fuer
765 852 829 912 den
853 853 1059 914 Geschmack

81 951 166 1028 jener
193 952 261 1012 zeit
284 951 347 1012 wie
370 951 423 1012 die
447 951 678 1037 Befaehigung
699 951 756 1012 des
771 952 943 1019 Ennodius
957 955 1058 1016 selbst

81 1051 236 1113 dienen.”
286 1052 418 1114 Crimen
441 1071 518 1113 vero
548 1051 747 1113 adulationis
775 1053 817 1113 ab
844 1054 918 1127 Joh.
952 1057 1054 1133 Kasp.

83 1154 199 1213 Manso
229 1171 318 1212 anno
351 1157 429 1228 1824
459 1160 569 1230 aperte
592 1153 727 1227 factum,
754 1172 774 1212 a
796 1153 897 1215 Mich.
944 1153 1058 1234 Fertig

83 1271 165 1312 anno
186 1257 267 1328 1858
280 1251 403 1330 optime
417 1258 466 1312 est
478 1252 737 1330 propulsatum.¹
764 1254 909 1330 Operum
924 1272 1058 1332 prorsus

82 1350 213 1416 Ennodi
229 1351 294 1410 tria
308 1350 697 1429 praesertim-synodus
711 1353 890 1425 Romana,²
909 1354 1058 1430 Panegy-

81 1450 166 1510 ricus
182 1446 388 1510 Theoderico
402 1449 510 1509 dictus
521 1458 554 1509 et
566 1449 732 1529 Epiphani
744 1450 1058 1528 Vita-singillatim

82 1551 235 1628 exposita
253 1569 305 1627 ap.
333 1552 418 1627 Vog.
436 1549 574 1629 praefat.
601 1550 642 1610 ad
666 1549 756 1617 Edit.
775 1550 905 1617 Ennod.
921 1552 1056 1629 reperiri

81 1658 231 1728 possunt.

122 1754 276 1812 Iamvero
292 1750 333 1810 ad
348 1768 416 1810 rem
431 1751 513 1810 mihi
528 1751 659 1812 videtur
679 1758 716 1811 ut
738 1769 842 1829 pauca
863 1752 904 1812 de
926 1751 1058 1817 Ennodi

82 1851 240 1912 memoria
277 1850 365 1930 apud
400 1859 547 1928 posteros
583 1851 617 1911 in
653 1851 798 1912 medium
834 1853 1055 1930 proferantur.

84 1951 232 2011 Primum
247 1950 351 2028 igitur
367 1950 583 2029 Epitaphium
599 1951 670 2012 eius
683 1952 804 2012 citetur
815 1959 954 2031 oportet,
969 1952 1057 2030 quod

82 2051 115 2110 in
151 2051 268 2111 tabula
304 2069 483 2112 marmorea
519 2051 720 2129 insculptum
756 2069 860 2130 usque
896 2052 937 2113 ad
972 2053 1059 2112 hanc

83 2159 224 2213 aetatem
248 2151 284 2211 in
306 2151 440 2212 basilica
454 2151 567 2217 Sancti
583 2151 755 2213 Michaelis
768 2148 876 2213 Ticini
891 2159 1059 2214 servatum

82 2255 162 2313 est.³
200 2251 359 2312 Recensio
375 2253 622 2313 Mommsensis:

82 2402 207 2411 -----

113 2485 165 2539 1cs.
184 2486 293 2552 Fertig,
312 2486 393 2552 Mag.
411 2485 468 2537 Fel.
487 2485 608 2548 Ennod.‚
627 2486 680 2538 III.
692 2484 790 2549 Abra..
802 2484 957 2538 Landshnt
978 2486 1057 2537 1858

84 2586 130 2637 pp.
147 2574 175 2632 4,
194 2574 228 2621 5:
262 2570 364 2620 ‘'Doch
381 2569 510 2621 bemerke
527 2568 579 2631 ich,
597 2569 652 2621 das
667 2569 711 2621 ich
729 2569 876 2620 Ennodius
892 2568 979 2631 nicht,
1003 2568 1057 2620 wie

85 2654 201 2717 Manso,
214 2653 276 2704 fuer
286 2655 365 2704 einen
376 2652 561 2704 Schmeichler
572 2653 666 2705 halte:
682 2654 722 2703 im
733 2652 911 2719 Gegentheile
922 2650 967 2704 ich
978 2651 1059 2703 halte

85 2737 156 2789 Alles
177 2736 240 2787 fuer
260 2736 335 2787 scine
350 2737 579 2802 Ueberzeugung‚
597 2736 637 2788 da
652 2753 682 2787 er
697 2736 821 2787 ueberall
837 2736 866 2787 in
882 2735 937 2787 den
948 2733 1058 2785 Briefen

84 2822 141 2873 und
152 2822 192 2872 im
205 2819 385 2886 Epiphanius
396 2820 450 2873 mit
460 2819 582 2887 gleicher
592 2818 807 2886 Hochachtung
816 2819 875 2871 und
891 2818 1059 2885 Verehrnng

84 2905 220 2969 spn'cht.”

115 3002 176 3057 ²cf.
200 3003 235 3056 E.
260 3003 404 3069 Maguire
427 3002 577 3055 American
604 3002 738 3056 Catholic
754 3002 916 3069 Quarterly‚
934 3001 992 3054 vol.
1009 3004 1058 3065 26,

86 3104 113 3152 ρ.
134 3090 192 3141 317
213 3104 257 3155 sq.
280 3094 358 3153 etp.
381 3090 438 3139 523
460 3104 502 3155 sq.
527 3086 636 3139 “Saint
659 3086 807 3139 Ennodius
824 3086 882 3138 and
899 3084 948 3138 the
965 3085 1060 3152 Papal

86 3170 287 3239 Supremacy.”
326 3171 440 3238 Optime
465 3170 581 3238 quidem
602 3187 662 3222 rem
682 3177 712 3222 et
727 3170 872 3222 rationem
888 3168 987 3222 Libelli
1003 3184 1058 3234 pro

87 3254 201 3321 Synodo
228 3254 357 3321 exponit,
379 3254 549 3322 copioseque
576 3255 610 3305 de
635 3254 761 3306 eiusdem
782 3253 962 3305 auctoritate
979 3251 1058 3318 apud

88 3338 187 3391 Patres
214 3337 423 3391 disserit-cf.
446 3339 564 3400 Boron„
587 3337 690 3389 Annal.
714 3337 816 3389 Eccles.
843 3335 1057 3400 (Barri-Ducis,

88 3422 178 3484 1869)
198 3422 257 3475 vol.
272 3424 289 3473 9
306 3438 334 3487 p.
351 3423 390 3473 26
406 3421 514 3487 sq.-cf.
532 3421 693 3473 Decretales
709 3419 1007 3481 Pseudo-Isidorian.,
1026 3418 1058 3471 P.

89 3504 247 3567 Hinscffins
270 3504 385 3571 Lipsiae
412 3505 498 3568 1863,
526 3519 554 3568 p.
578 3506 634 3556 CV.
658 3511 688 3556 et
709 3522 736 3571 p.
760 3501 902 3556 675.-cf.
926 3500 1058 3553 Ballen‘n.

89 3587 305 3657 Disquisitiones
322 3588 355 3639 de
372 3588 462 3656 antiq.
481 3588 640 3640 collection.
653 3594 683 3640 et
698 3587 842 3639 collector.
859 3599 1012 3645 canonum,
1025 3584 1058 3635 P.

91 3668 139 3721 III.
150 3687 213 3738 cap.
226 3673 253 3734 6,
266 3675 335 3721 sect.
348 3671 375 3721 5.
388 3686 434 3721 no.
448 3672 495 3721 20.

118 3768 168 3823 ³cf.
180 3772 253 3837 Vog.
267 3769 345 3822 Edit.
359 3769 470 3821 Ennod.
483 3767 606 3836 praefat.
619 3785 646 3834 p.
660 3768 762 3820 LVIII.
