2592 4400
500 390 675 452 -175-

105 558 292 638 abgeleitet,
310 557 415 620 reicht
430 557 522 619 nicht
538 558 603 620 viel
618 557 718 619 ueber
733 557 793 617 das
801 557 882 632 Jahr
892 575 953 633 500
960 554 1079 616 hinauf

108 657 199 737 (vgl.
230 658 349 719 Rhein.
379 661 467 719 Mus.
492 675 543 735 37,
576 659 657 734 92),
689 658 802 718 sodass
823 656 918 736 epist.
944 675 984 716 20
1004 662 1078 733 post

105 759 308 832 modernum,
326 758 421 837 epist.
441 777 478 819 22
494 758 735 819 admonitiones
758 757 930 818 modernas
958 774 1000 816 zu
1014 754 1078 816 den

105 857 375 920 allerfruehesten
400 859 541 937 Belegen
563 858 740 937 gehoere.‘'

105 993 144 1002 -
152 978 185 1037 p.
207 964 278 1019 162:
304 957 503 1019 Mortificare
517 958 716 1020 vocabulum
731 958 966 1024 Ennodianum
980 956 1078 1017 habe-

104 1066 168 1120 tur.
201 1059 342 1137 Legitur
363 1065 474 1120 autem
496 1059 531 1118 in
552 1045 709 1119 citatione
737 1078 782 1119 ex
811 1057 920 1125 Libris
950 1057 1079 1118 Divinis

105 1159 307 1238 deprompta.
332 1158 374 1220 cf.
394 1158 523 1224 Ennod.
540 1159 591 1221 ed.
607 1160 694 1237 Vog.
711 1178 744 1237 p.
763 1177 835 1235 30²·
854 1164 885 1220 8:
912 1157 1075 1230 dominus,

105 1260 159 1338 qui
198 1258 376 1320 mortificat
411 1266 444 1320 et
473 1259 629 1333 vivificat,
661 1258 794 1321 deducit
824 1259 866 1319 ad
895 1258 1018 1319 inferos
1045 1264 1078 1318 et

105 1360 241 1421 reducit.
259 1359 302 1420 cf.
319 1360 421 1438 Vulg.
442 1379 468 1420 1.
486 1361 567 1439 Reg.
587 1379 615 1421 2.
634 1365 666 1421 6:
693 1359 889 1421 “Dominus
903 1357 1078 1419 mortificat

104 1468 136 1520 et
150 1459 307 1533 vivificat,
326 1459 459 1521 deducit
474 1459 515 1521 ad
531 1460 654 1538 inferos
668 1467 701 1521 et
715 1460 879 1521 reducit.“

104 1594 144 1603 -
152 1579 185 1638 p.
221 1565 299 1637 165:
341 1562 677 1638 “Incompetenter..
711 1611 718 1623 .
751 1561 912 1635 .—Voy.
944 1559 1079 1623 Sidoine

105 1660 319 1738 Apollinaire,
337 1660 425 1721 lettr.
442 1678 492 1737 32·
513 1679 541 1733 1;
559 1679 610 1738 35.
634 1680 687 1738 333
714 1666 764 1721 80.
783 1665 832 1734 26,
859 1663 946 1720 etc.”
994 1660 1078 1721 Con-

105 1766 252 1838 petenter
282 1759 415 1837 quidem
443 1779 510 1821 non
531 1761 790 1838 incompetenter
818 1760 872 1820 his
900 1760 980 1820 locis
1002 1778 1079 1820 vera

104 1869 155 1923 est
169 1860 278 1922 lectio.

105 1980 180 2039 -p.
217 1965 294 2037 165:
336 1961 404 2025 “Si
426 1979 511 2022 nous
538 1979 675 2046 passons
699 1961 903 2022 maintenant
927 1978 997 2020 aux
1023 1958 1078 2019 ad-

104 2061 218 2122 verbes
239 2079 280 2121 en
303 2067 348 2135 to,
379 2079 464 2122 nous
489 2067 647 2123 trouvons
673 2080 789 2122 encore
814 2079 879 2122 une
902 2060 1079 2121 formation

104 2159 274 2222 nouvelle:
299 2158 513 2222 Abscondito.
538 2159 668 2227 Ennod.
687 2179 737 2239 50.
767 2179 806 2237 9:
831 2159 940 2227 Libris
962 2159 1080 2222 vestris

104 2259 274 2321 nudantur
289 2260 507 2324 abscondito.
541 2311 547 2324 .
581 2267 686 2339 .;78.
709 2281 765 2322 12:
789 2262 890 2323 decus
903 2261 983 2321 clari
1005 2279 1078 2321 san-

104 2360 215 2438 guinis
243 2377 310 2421 non
346 2367 478 2421 tenetur
513 2360 715 2423 abscondito.
741 2361 914 2428 Ennodius
948 2368 1079 2423 recourt

104 2460 191 2521 aussi
228 2458 248 2521 a
283 2460 340 2521 des
375 2460 584 2540 expressions
618 2462 695 2539 plus
730 2460 914 2534 anciennes,
953 2479 1079 2521 comme

103 2566 277 2639 properato
336 2578 406 2636 241,
446 2579 464 2637 3
477 2583 485 2633 ;
523 2560 689 2634 simulato,
730 2580 780 2638 53.
839 2577 878 2637 37
946 2567 1009 2621 etc.
1049 2560 1079 2619 Il

103 2667 151 2721 est
166 2659 186 2722 ὲ
200 2678 390 2738 remarquer
404 2679 468 2739 que
483 2679 536 2722 ces
550 2668 655 2722 sortes
669 2661 710 2722 de
725 2668 811 2722 mota
825 2669 900 2721 sont
911 2680 952 2721 en
964 2658 1080 2722 realite

104 2759 159 2821 des
173 2759 385 2839 participes&
405 2760 549 2822 l’ablatif
570 2760 739 2839 employes
760 2760 1074 2822 adverbialement.'’

104 2862 282 2939 Properato
297 2860 430 2939 quidem
445 2861 610 2940 etiamque
624 2861 781 2922 simulato
795 2862 880 2921 nihil
902 2861 993 2922 aliud
1008 2880 1078 2921 esse

104 2978 202 3038 quam
217 2960 391 3038 participia
406 2960 636 3022 adverbialiter
658 2970 817 3040 usurpata
839 2962 979 3022 libenter
1000 2980 1075 3021 con-

103 3061 172 3121 cedi
187 3067 297 3139 potest
309 3083 316 3133 ;
330 3061 522 3122 abscondito
531 3068 642 3122 autem
654 3062 733 3123 locis
742 3061 853 3122 citatis
864 3061 953 3139 apud
969 3060 1078 3126 Enno-

104 3160 194 3221 dium
224 3159 418 3223 adverbium
446 3180 516 3221 esse
537 3162 672 3222 omnino
693 3170 743 3222 est
765 3160 1079 3238 negandum-nisi

104 3258 187 3320 forte
216 3258 388 3338 quodlibet
416 3278 536 3320 nomen
557 3259 592 3319 in
621 3278 700 3321 casu
722 3258 866 3320 ablativo
892 3258 1080 3319 adhibitum

103 3358 296 3422 adverbium
319 3359 362 3419 sit
377 3358 587 3420 censendum.
632 3359 669 3423 Si
694 3359 782 3420 enim
807 3376 923 3418 sensus
938 3359 1080 3419 duorum

103 3459 249 3521 locorum
286 3458 343 3518 ubi
380 3458 570 3519 abscondito
606 3458 695 3536 apud
732 3457 921 3524 Ennodiurn
957 3458 1080 3535 legitur

104 3567 229 3621 attente
251 3564 451 3637 spectentur,
470 3557 662 3619 abscondito
684 3557 930 3618 substantivum
953 3576 1023 3617 esse
1045 3558 1080 3618 in

103 3672 180 3721 casu
202 3657 360 3729 ablativo,
377 3657 512 3717 minime
533 3656 736 3730 adverbium,
755 3663 865 3734 aperte
887 3656 1078 3734 apparebit:
