2592 4400
652 439 857 482 -12-.

241 603 384 681 quimus
403 603 481 680 quia
504 603 620 663 ceteris
642 603 733 676 locis,
760 603 816 663 ubi
841 604 881 664 de
905 610 1012 664 aetate
1034 622 1095 664 sua
1115 602 1205 664 verba

242 703 330 776 fecit,
362 710 431 763 tam
461 703 624 781 ambiguis
654 721 735 764 usus
762 711 823 777 est,
855 710 893 763 ut
915 703 992 764 inde
1021 703 1104 763 nihil
1126 708 1204 763 certe

241 802 392 864 concludi
407 803 547 880 possit.’'
603 805 726 865 Omnes
740 803 874 882 quidem
887 804 1089 865 conveniunt
1104 802 1205 869 Enno-

242 903 334 963 dium
363 899 471 963 Ticini
501 922 587 964 anno
617 923 674 980 521
699 923 717 964 e
745 903 815 964 vita
836 904 1015 964 excessisse
1036 903 1205 980 eodemque

241 1003 313 1064 loco
327 1003 390 1064 sub
405 1003 437 1063 d.
456 1005 553 1065 XVI.
573 1003 649 1064 Kal.
668 1003 758 1081 Aug.
776 1003 962 1081 depositum
977 1006 1105 1064 esse.”¹

284 1103 350 1167 Sed
371 1110 499 1182 praeter
520 1104 583 1164 hoc
605 1104 830 1164 testimonium
845 1103 886 1164 de
900 1122 961 1164 sua
975 1111 1083 1164 aetate
1105 1102 1205 1169 Enno-

243 1203 318 1263 dius
339 1203 374 1263 in
389 1204 502 1264 eodem
517 1203 746 1270 Eucharistico
767 1212 800 1264 et
822 1204 913 1263 aliud
934 1204 1159 1264 testimonium
1172 1201 1207 1260 de

243 1303 452 1363 matrimonio
473 1322 534 1364 suo
562 1304 657 1364 nobis
679 1304 887 1383 suppeditat:
929 1307 1026 1382 “ego
1055 1320 1208 1363 annorum

243 1403 345 1464 ferme
360 1404 500 1465 sedecim
515 1404 645 1478 amitae,
660 1422 744 1483 quae
759 1424 811 1464 me
826 1405 963 1478 aluerat,
975 1405 1096 1464 solacio
1110 1404 1207 1483 priva-

244 1509 298 1563 tus
313 1521 396 1578 sum.
422 1504 562 1564 remansi
577 1505 677 1578 solus,
689 1505 784 1582 inops
798 1523 833 1564 re
847 1512 880 1565 et
891 1504 1027 1565 consilio
1038 1504 1211 1580 destitutus

247 1651 253 1663 .
282 1651 288 1664 .
317 1651 323 1663 .
348 1604 480 1682 poposci
500 1604 535 1663 in
550 1604 797 1664 matrimonium
811 1604 982 1665 cuiusdam
997 1604 1210 1665 nobilissimae
1240 1667 1247 1680 .

244 1705 415 1781 parvulam
447 1703 592 1783 filiolam,
618 1704 795 1783 protinus,
829 1754 835 1766 .
868 1711 1080 1783 .exceptus.
1114 1755 1120 1766 .
1152 1707 1210 1765 ,ut

245 1804 409 1864 alimentis
426 1803 621 1867 affluerem.
655 1855 661 1867 .
695 1823 765 1866 .ex
787 1804 935 1865 mendico
957 1805 991 1864 in
1014 1823 1124 1881 regem
1145 1819 1209 1862 mu-

245 1906 393 1964 tatus.''²
448 1904 483 1968 Si
512 1923 589 1966 vero
617 1904 814 1964 sententiam
843 1904 961 1982 Vogeli
990 1904 1031 1965 de
1059 1904 1213 1964 hocloco

244 2011 446 2082 perspectam
461 2004 651 2077 habeamus
669 2004 833 2082 sponsalia
854 2011 984 2064 tantum
1003 2023 1069 2064 non
1084 2002 1212 2082 nuptias

245 2104 323 2164 fecit
360 2103 562 2170 Ennodius.⁸
628 2105 721 2184 Quae
756 2104 890 2182 quidem
925 2105 1088 2165 sententia
1123 2101 1214 2163 nobis

246 2222 376 2283 quoque
391 2204 497 2282 magis
512 2205 692 2283 adprobata
706 2205 847 2279 videtur,
866 2212 981 2283 utpote
996 2223 1080 2283 quae
1095 2204 1212 2283 optime

245 2304 433 2371 Ennodiani
448 2305 606 2365 sermonis
620 2305 763 2365 indolem
778 2324 855 2384 prae
870 2324 904 2365 se
919 2306 1014 2366 ierat.
1040 2305 1096 2372 Ex
1110 2302 1215 2366 verbis

246 2406 374 2465 autem4
406 2408 524 2482 “quae
547 2423 676 2465 mecum
699 2405 817 2465 habuit
840 2405 1070 2483 parilitatem'’
1097 2406 1132 2465 in
1152 2402 1213 2462 fine

245 2505 391 2565 eiusdem
406 2505 514 2582 operis
528 2505 671 2566 inventis
683 2505 872 2572 Ennodium
884 2505 1091 2583 aliquantum
1102 2504 1214 2566 saltem

246 2605 402 2684 temporis
416 2605 625 2665 matrimonio
647 2623 745 2665 usum
765 2623 836 2665 esse
857 2605 1026 2666 annuitur.
1059 2602 1214 2682 Vogelius

245 2712 359 2764 contra
380 2713 467 2765 recte
488 2712 739 2783 argumentatur
751 2708 778 2766 :⁵
813 2706 972 2765 “auxilio
994 2701 1217 2765 Bruxellensis

246 2803 367 2865 codicis
388 2823 476 2865 nunc
508 2805 641 2865 demum
663 2823 715 2865 res
736 2805 886 2866 involuta
906 2805 1065 2884 explicari
1086 2806 1214 2883 potest:

246 2904 375 2983 scripsit
404 2904 491 2964 enim
521 2883 703 2978 Ennomus,
739 2908 759 2932 ‘⁴
774 2904 830 2964 illa
852 2923 936 2983 quae
957 2923 1085 2965 mecum
1108 2900 1216 2963 matri-

245 3054 371 3063 —.—.

276 3153 330 3207 lei.
343 3155 441 3223 Vogel,
454 3155 530 3208 Edit.
544 3156 666 3220 Ennod.‚
679 3156 801 3222 praefat.
814 3174 841 3222 p.
859 3154 1072 3207 XXVIII-cf.
1086 3154 1127 3206 Id.
1145 3149 1214 3203 Ibid.

247 3256 274 3305 p.
287 3240 389 3292 LVIII.
402 3240 452 3291 ubi
463 3239 577 3292 Ennodi
589 3239 726 3307 Epitaph,
737 3237 926 3292 citatum—cf.
940 3237 1046 3305 Ferfig,
1066 3256 1112 3305 op.
1129 3237 1176 3289 cit.
1193 3235 1216 3284 1.

248 3322 330 3375 abth.
342 3340 370 3389 p.
382 3322 475 3375 4-cf.
488 3323 602 3387 Teuffel,
615 3323 712 3375 Gesch.
725 3323 752 3375 d.
765 3339 852 3374 roem.
865 3322 922 3375 Lit.
940 3324 1007 3398 479.

277 3421 330 3476 ²cf.
343 3422 455 3475 Ennod.
468 3424 511 3477 ed.
524 3424 621 3490 Vogel,
633 3441 662 3490 p.
675 3426 743 3487 303,
756 3422 774 3473 8
785 3440 828 3489 sq.

277 3520 330 3575 acf.
344 3523 440 3589 Vogel,
454 3523 531 3576 Edit.
545 3523 657 3577 Ennod.
670 3522 792 3589 praefat.
805 3541 832 3590 p.
846 3523 893 3575 VI.
1004 3553 1010 3565 ·

277 3622 330 3677 ⁴cf.
344 3622 455 3676 Ennod.
468 3624 511 3675 ed.
524 3623 621 3690 Vogel,
634 3640 663 3689 p.
676 3625 743 3686 304,
756 3625 775 3675 2
786 3640 828 3689 sq.

276 3723 330 3776 ⁵cf.
343 3724 441 3791 Vogel,
453 3724 531 3776 Edit.
545 3724 668 3785 Ennod.,
680 3723 802 3789 praefat.
815 3741 843 3789 p.
857 3724 903 3775 VI.
