2592 4400
657 439 809 496 ,40-

470 612 499 678 ri.
524 623 621 684 QUAE
636 625 779 669 Parrum
796 620 1011 673 Lusunnuxx

250 736 329 774 aruo
345 736 499 774 suuoormr
680 736 760 774 aruo
776 719 997 772 nmxoxvrrmrl

292 825 471 885 destinator
522 843 671 885 ascensor
752 831 971 902 exaggerator
985 824 1128 884 lucrator

292 926 437 985 elocutor
521 932 677 985 attrector
754 931 947 984 excantator
990 924 1155 1002 nuptiator

291 1044 444 1103 repensor
522 1025 700 1085 attributor
752 1025 902 1102 expletor
987 1043 1152 1102 perversor

519 1124 725 1184 cohabitator
753 1131 924 1184 extructor
984 1124 1207 1201 pervestigator

519 1243 681 1285 comessor
758 1225 892 1284 falsator
983 1230 1166 1302 praereptor

519 1330 742 1400 compeccator
757 1322 933 1382 fascinator
985 1323 1173 1400 propitiator

519 1422 713 1500 compilator
756 1429 907 1499 gustator
984 1421 1177 1499 significator

518 1522 707 1582 confutator
757 1522 919 1582 ieiunator
983 1522 1206 1583 thesaurizator

519 1621 704 1681 defensator
754 1621 911 1681 iuiulator
983 1621 1165 1683 vulnerator

518 1721 681 1781 desolator
754 1722 912 1782 lacerator

292 1837 376 1898 Cum
398 1837 501 1914 igitur
523 1845 641 1915 agatur
657 1838 697 1897 de
719 1838 907 1899 nominibus
925 1856 1010 1916 quae
1033 1847 1096 1898 -tor
1115 1834 1203 1913 (sor)

250 1935 479 2008 terminantur,
518 1954 635 2013 parum
671 1936 870 1997 discriminis
912 1935 998 1996 inter
1042 1945 1206 2012 utrumque

249 2034 440 2112 scriptorem
463 2036 654 2114 reperietur,
671 2036 699 2096 si
722 2054 808 2097 nova
835 2035 1031 2111 Hieronymi
1056 2033 1206 2114 permulta

249 2135 468 2219 excipiantur.
529 2136 689 2198 Memoria
724 2143 835 2198 autem
879 2143 1049 2198 teneamus
1090 2137 1206 2214 oportet

141 2268 149 2287 ·
250 2234 438 2301 Ennodium
455 2237 661 2312 Hieronymo
675 2237 917 2315 diligentiorem
931 2256 966 2297 se
984 2238 1136 2315 praebere
1148 2251 1205 2293 non

248 2336 354 2396 solum
371 2355 456 2397 nova
470 2336 606 2398 vitando
620 2337 678 2397 sed
693 2337 793 2397 etiam
807 2337 977 2399 vocabulis
993 2355 1056 2398 usu
1072 2332 1206 2415 probatis

248 2436 381 2497 utendo.
426 2435 527 2514 Apud
548 2436 638 2497 hunc
664 2436 797 2515 quidem
826 2438 982 2514 leguntur
1019 2437 1203 2502 defensator,

247 2536 494 2609 exterminator,
509 2537 648 2597 traditor
653 2540 680 2609 ;²
705 2536 793 2615 apud
808 2537 902 2598 illum
917 2545 1028 2598 autem
1054 2536 1203 2603 defensor,

248 2635 414 2695 extinctor
429 2644 462 2696 et
477 2636 624 2714 proditor
638 2655 765 2715 semper
780 2640 1013 2715 usurpantur.⁸

289 2738 437 2797 Iamvero
452 2755 627 2814 pergamus
641 2737 683 2797 ad
698 2737 831 2798 nomina
850 2739 932 2797 -trirr
945 2737 1049 2798 finita.

247 2908 274 2945 a,
299 2900 395 2959 QUAE
410 2902 456 2945 AB
472 2902 538 2947 USU
547 2901 761 2949 OPTIMORUM
774 2902 999 2950 SCRIPTORUM
1010 2894 1205 2951 RECEDUNT:

287 2999 700 3078 Aouummrmx.-(tn.
718 3005 791 3080 εῐρ.)
842 3024 909 3065 121.
931 3023 986 3064 12:
1008 3004 1062 3065 cui
1084 3004 1206 3063 futurae

245 3101 475 3162 adnuntiatrix
491 3102 696 3164 innocentiae
710 3103 868 3165 divinitas
882 3123 1001 3165 nomen
1017 3102 1207 3182 inposuit.—

244 3201 286 3261 cf.
317 3198 478 3263 Thesaur.
509 3204 606 3281 Ling.
638 3206 711 3271 Lat.
742 3223 768 3264 s.
792 3205 919 3265 v.-cf.
944 3207 989 3265 H.
1014 3200 1204 3275 Nettleship,

244 3301 391 3362 Contrib.
409 3309 443 3362 to
458 3304 531 3369 Lat.
549 3302 723 3381 Lexicogr.
740 3322 766 3364 s.
784 3325 815 3365 v.

275 3464 317 3517 ¹cf.
331 3466 453 3529 Goelzer,
467 3484 513 3532 op.
525 3467 573 3520 cit.
586 3485 613 3533 p.
628 3470 674 3519 14.

274 3531 317 3585 lci.
331 3533 453 3596 Goelzer,
466 3550 512 3599 op.
525 3534 573 3586 cit.
586 3551 633 3599 pp.
646 3536 694 3593 46,
708 3536 756 3596 47,
769 3536 836 3597 270,
850 3537 916 3587 246.

274 3598 317 3651 ³ci.
331 3599 434 3651 Ennod
454 3600 497 3652 ed.
511 3601 582 3665 Vog.
596 3617 642 3666 pp.
657 3604 704 3652 32.
718 3604 765 3663 20;
788 3604 835 3653 58.
849 3605 876 3653 5.
890 3604 937 3663 19;
959 3604 1006 3653 59.
1019 3604 1066 3653 23.
1081 3602 1145 3651 154.
1157 3599 1208 3647 2.—

245 3682 283 3783 pp
306 3670 356 3785 {ig
375 3670 402 3727 2;
426 3669 492 3718 191.
510 3668 642 3734 ill-pp,
662 3670 708 3719 66.
726 3669 754 3730 73
777 3670 823 3720 75.
842 3670 869 3730 7;
887 3670 994 3731 77.19;
1019 3670 1086 3720 143.
1099 3670 1126 3729 3;
1148 3663 1197 3715 175
