2592 4400
113 879 287 948 nomas
303 876 691 946 mssnnmmoms
707 851 974 949 concausm.

541 1000 569 1060 1.

101 1115 156 1182 Ex
187 1135 259 1178 una
294 1122 389 1195 parte
425 1114 452 1176 si
489 1116 663 1195 utriusque
684 1115 853 1194 scriptoris
882 1116 1044 1194 syntaxis

60 1226 241 1296 spectetur,
259 1217 346 1278 nihil
361 1223 420 1278 aut
435 1236 501 1277 non
516 1218 585 1279 iere
599 1218 745 1278 multum
766 1217 853 1279 inter
874 1239 909 1281 se
931 1218 1039 1281 differ-

61 1326 131 1381 unt.
179 1317 360 1384 Ennodius
374 1317 508 1396 quidem
525 1318 732 1394 Hieronymo
747 1317 857 1380 minus
878 1338 976 1399 saepe
1001 1320 1043 1380 ab

60 1435 123 1480 usu
137 1418 347 1498 optimorum
375 1417 534 1480 sermonis
555 1418 656 1480 soluti
685 1418 885 1498 scriptorum
906 1420 1038 1481 recedit.

535 1555 582 1614 11.

100 1669 156 1735 Ex
172 1671 282 1730 altera
297 1678 390 1748 parte
404 1669 432 1730 si
449 1677 568 1748 agatur
591 1669 631 1731 de
653 1669 825 1731 nominum
851 1671 1040 1732 verborum-

60 1788 122 1848 que
152 1788 234 1843 usu,
266 1769 439 1836 Ennodius
467 1771 573 1836 multo
602 1770 739 1850 propius
767 1771 809 1832 ad
831 1790 937 1849 genus
957 1772 1041 1851 opti·

60 1887 190 1930 morum
206 1869 407 1948 scriptorum
422 1869 547 1930 accedit
561 1892 567 1931 ε

103 1970 159 2047 (a)
184 1968 324 2030 nomina
338 1977 372 2030 et
387 1971 487 2031 verba
501 1970 662 2032 inusitata
683 1969 831 2043 vitando;

103 2070 159 2147 (b)
184 2069 377 2131 nominibus
391 2078 424 2131 et
438 2063 547 2131 verbis
556 2070 738 2150 peregrinis
751 2089 847 2149 parce
862 2072 997 2144 utendo;

103 2171 157 2249 (c)
184 2190 275 2233 nova
303 2188 467 2250 perpauca
496 2171 693 2245 adhibendo,
725 2189 829 2251 eaque
858 2179 945 2234 recte
974 2172 1038 2233 ior·

316 2272 447 2333 mando.

525 2391 591 2451 111.

100 2505 133 2566 A
148 2506 270 2584 lingua
284 2506 476 2586 praesertim
491 2506 621 2585 vulgari
636 2506 787 2567 conscius
801 2507 957 2568 abhorret
972 2506 1038 2573 En-

60 2605 193 2679 nodius‚
213 2612 253 2666 ut
267 2625 311 2666 ex
326 2606 440 2686 paucis
454 2606 526 2667 eius
540 2606 754 2668 deminutivis
769 2606 948 2686 paucisque
969 2625 1040 2668 ver-

59 2704 108 2766 bis
124 2706 384 2785 irequentativis
397 2706 479 2768 satis
493 2713 632 2767 constat.

527 2840 587 2901 IV.

99 2939 135 3002 Si
151 2938 300 3017 denique
315 2948 434 3017 agatur
448 2939 488 3000 de
503 2938 710 3017 singulorum
725 2940 901 3001 verborum
915 2939 1040 3017 signifi-

57 3039 190 3100 catione
204 3030 362 3112 mutata,
387 3038 560 3105 Ennodius
588 3039 653 3100 hac
673 3057 805 3119 quoque
826 3039 861 3099 in
883 3057 918 3100 re
944 3038 1041 3100 Hier·

57 3156 183 3214 onymo
212 3135 352 3217 propius
373 3139 414 3199 ad
443 3156 593 3199 normam
614 3140 815 3218 optimorum
844 3138 1041 3216 scriptorum

58 3239 215 3301 accedere
227 3236 370 3299 videtur.
