2592 4400
404 795 761 869 PROOEMIUM.

283 1111 335 1159 DE
356 1109 444 1157 VITA
466 1110 512 1160 ET
534 1111 693 1158 SCRIPTIS
715 1111 865 1159 ENNODI.

109 1235 273 1309 Magnus
290 1229 389 1290 Felix
410 1229 581 1296 Ennodius
602 1229 851 1291 Arelatensibus
873 1230 1065 1309 parentibus

65 1331 101 1390 in
120 1331 243 1394 Gallia
268 1330 460 1403 oriundus,¹
476 1331 657 1391 consularis
679 1330 808 1408 generis
821 1333 959 1410 proles²
978 1349 1065 1392 anno

65 1450 130 1508 473
162 1439 278 1492 natus
307 1436 368 1502 est,
397 1437 435 1490 ut
463 1431 543 1491 satis
571 1437 700 1491 constat
729 1450 772 1491 ex
807 1431 965 1510 opusculo
993 1431 1065 1492 eius

67 1531 330 1603 Eucharistico,
356 1531 413 1590 ubi
441 1531 563 1608 legitur
576 1534 601 1591 :⁸
638 1533 816 1609 “tempore
845 1550 911 1611 quo
933 1531 1065 1592 Italiam

45 1632 317 1710 -optatissimus
332 1627 526 1691 Theoderici
544 1632 631 1708 regis
653 1632 861 1693 resuscitavit
882 1633 1060 1710 ingressus,

88 1782 94 1794 .
132 1782 138 1794 .
177 1750 276 1808 ,ego
313 1749 474 1791 annorum
511 1731 613 1792 ferme
647 1732 788 1792 sedecim
806 1732 954 1805 amitae,
980 1750 1064 1810 quae

67 1851 123 1892 me
150 1832 302 1903 aluerat,
334 1849 373 1891 ea
402 1839 594 1910 tempestate
622 1831 743 1892 solacio
771 1833 920 1910 privatus
948 1835 1059 1892 sum.”

70 1932 164 1993 Cum
181 1950 269 1992 vero
283 1927 507 1992 Theodericus
531 1931 663 1991 ltaliam
686 1938 809 1992 aestate
832 1932 909 1991 anni
931 1937 992 2007 489
1014 1932 1063 1991 in-

70 2049 219 2108 gressus
236 2031 292 2104 sit,
310 2029 500 2096 Ennodium
521 2050 608 2091 anno
629 2048 690 2108 473
714 2038 829 2091 natum
851 2051 920 2092 esse
943 2050 962 2091 a
983 2050 1062 2092 non-

69 2129 182 2190 nullis
199 2148 265 2208 pro
280 2135 369 2189 certo
382 2128 555 2190 habetur.⁴
583 2130 618 2194 Si
634 2137 755 2204 autem,
774 2130 892 2209 Vogeli
907 2130 1060 2204 iudicio,⁵

69 2232 183 2291 verba
199 2248 305 2307 supra
319 2229 420 2290 citata
440 2230 539 2309 paulo
562 2232 722 2293 attentius
736 2238 934 2309 spectentur,
954 2230 1063 2297 Enno-

70 2330 176 2390 dium
202 2329 376 2408 apparebit
405 2340 528 2391 annum
558 2349 620 2406 490
648 2332 684 2390 in
713 2338 822 2391 mente
843 2330 1008 2403 habuisse,
1026 2349 1064 2389 ac

72 2430 226 2507 proinde
255 2448 343 2489 anno
375 2432 468 2507 “474
497 2438 613 2491 natum
641 2450 712 2491 esse
740 2449 816 2491 cum
844 2430 967 2490 maiore
995 2431 1063 2491 veri

72 2529 307 2590 similitudine
322 2528 478 2591 affirmari
489 2534 509 2558 ’'
522 2550 617 2610 posse
625 2550 722 2591 nemo
730 2538 782 2591 est
790 2531 870 2609 quin
879 2530 1060 2608 intellegat.

75 2631 201 2691 Verba
225 2628 359 2706 quidem
382 2631 500 2708 Vogeli
529 2631 684 2691 “maiore
713 2631 782 2692 veri
811 2630 1059 2691 similitudine''

72 2733 237 2794 notanda
271 2740 368 2806 sunt;
407 2734 518 2794 statim
554 2734 642 2794 enim
678 2734 720 2794 ab
755 2734 827 2812 ipso
860 2733 1060 2806 conceditur,

77 2836 241 2893 “utrum
256 2851 342 2892 anno
356 2850 417 2910 473
436 2853 478 2894 an
492 2852 554 2911 474
569 2841 668 2894 natus
689 2835 732 2895 sit
755 2835 789 2893 in
810 2852 969 2912 suspenso
990 2834 1063 2894 reli-

108 3030 171 3083 ¹cf.
186 3030 235 3083 Fr.
248 3032 345 3098 Vogel,
359 3031 435 3085 Edit.
449 3032 570 3095 Ennod„
582 3033 705 3100 praelat.
718 3050 766 3101 pp.
780 3035 816 3085 II.
829 3042 858 3087 et
870 3034 922 3086 111.

108 3131 172 3183 ²cf.
186 3130 230 3183 Id.
242 3130 310 3184 ibid.
323 3148 350 3199 p.
368 3132 544 3185 111.·-cf.1)r.
559 3134 599 3186 M.
613 3133 721 3201 Fertig,
735 3135 863 3201 Magnus
879 3133 958 3185 Felix
970 3133 1064 3186 Enno

73 3216 151 3267 dius
171 3212 232 3265 und
248 3214 322 3267 seine
338 3215 406 3279 Zeit,
419 3217 540 3280 Passau,
554 3219 641 3281 1855,
655 3218 677 3270 I.
689 3218 777 3270 Abth.
789 3235 817 3284 p.
835 3220 862 3269 5.

109 3313 175 3367 ⁸cs.
188 3313 301 3367 Ennod.
313 3313 356 3366 ed.
369 3315 466 3381 Vogel,
479 3334 506 3383 p.
519 3320 586 3380 303,
599 3320 616 3369 5
628 3334 671 3385 sq.

110 3412 175 3465 ⁴cf.
187 3412 301 3477 Teuffel,
314 3414 478 3467 Geschichte
488 3417 543 3469 Der
559 3417 743 3469 Roemischen
764 3418 922 3479 Literatur,
939 3415 1062 3482 Leipzig,

77 3498 182 3558 1890,
203 3496 382 3560 479,1..-cf.
396 3497 503 3565 Fertig,
517 3517 564 3567 op.
581 3500 630 3554 cit.
648 3501 670 3552 1.
689 3501 771 3553 abth.
789 3519 817 3568 p.
833 3499 927 3552 4-cs.
945 3498 1063 3561 Ceillier,

78 3577 224 3629 Histoire
235 3577 283 3629 des
294 3580 419 3630 Auteurs
429 3579 536 3645 Sacres,
551 3582 641 3646 Paris,
656 3584 742 3646 1861,
754 3583 811 3635 vol.
825 3585 864 3634 10
875 3600 902 3649 p.
915 3583 982 3633 569.

112 3674 177 3727 ⁵cs.
191 3676 286 3743 Vogel,
300 3676 377 3728 Edit.
391 3676 512 3742 Ennod„
524 3680 646 3746 praefat.
660 3682 728 3748 le.

568 3774 589 3802 11
