2592 4400
617 387 751 443 „9-

151 549 279 632 prose
296 561 335 614 et
351 554 437 614 dans
451 574 499 616 ses
512 576 596 631 vers,
614 557 647 618 la
661 558 783 636 langue
804 565 837 618 et
859 554 1102 633 l’imagination
1125 554 1173 615 du

155 654 399 732 paganisme.
445 656 501 718 Ses
522 657 647 731 lettres,
680 658 764 719 ainsi
793 675 858 736 que
880 656 1038 735 quelques
1060 663 1174 715 autres

160 756 301 816 lettres
318 755 363 815 de
379 754 490 818 Saints
509 755 654 836 eveques
667 758 714 818 du
736 765 852 837 temps,
877 763 1045 818 montrent
1066 756 1170 817 d’une

165 854 339 916 maniere
366 854 443 915 bien
471 856 644 936 irappante
673 857 693 920 a
721 859 797 937 quel
818 859 923 937 point,
948 857 1054 917 meme
1076 855 1175 934 apres

167 957 197 1016 1‘
207 954 346 1017 arrivee
373 955 432 1016 des
461 958 628 1032 Barbares,
657 959 801 1036 pendant
827 966 901 1018 tout
929 956 960 1018 le
985 956 1172 1035 cinquieme

172 1054 298 1129 siecle,
332 1055 519 1117 l'ancienne
547 1057 733 1120 litterature
769 1059 906 1138 profane
941 1055 1022 1118 etait
1055 1075 1174 1117 encore

153 1229 157 1238 Ι
175 1156 325 1218 vivante
341 1174 387 1216 au
402 1157 473 1216 sein
488 1157 529 1218 de
543 1159 575 1218 la
591 1159 735 1221 Gaule.''

232 1257 328 1336 Quae
352 1273 430 1316 cum
455 1257 502 1317 ita
523 1258 600 1332 sint,
625 1277 766 1338 cumque
791 1259 956 1320 Henricus
979 1256 1116 1320 Goelzer
1131 1255 1175 1317 de

131 1377 133 1382 ·
178 1356 393 1431 Hieronymi
424 1357 588 1418 latinitate
616 1360 858 1421 accuratissime
883 1358 1078 1437 copioseque
1106 1356 1173 1416 dis-

176 1457 341 1530 seruerit,
371 1456 414 1516 ad
438 1475 507 1517 rem
530 1477 602 1519 meo
625 1460 747 1520 iudicio
769 1459 911 1538 pertinet
934 1466 972 1518 ut
989 1457 1071 1516 haec
1085 1475 1174 1516 com-

172 1557 318 1635 paratio
333 1556 530 1623 Ennodium
544 1558 630 1619 inter
644 1567 678 1620 et
694 1560 936 1635 Hieronymum
952 1557 1148 1618 instituatur
1162 1580 1170 1630 ;

170 1675 252 1736 quo
268 1657 407 1718 facilius
422 1657 570 1736 intellegi
591 1660 695 1738 possit
717 1661 882 1738 Linguam
904 1658 1058 1725 Latinam
1080 1657 1172 1734 apud

78 1827 81 1832 ,
164 1758 366 1837 scriptores
381 1748 630 1832 ecclesiasticos
648 1760 857 1821 volventibus
871 1757 1021 1829 saeculis
1033 1756 1170 1815 minime

156 1878 312 1937 semper
327 1876 394 1937 pro
409 1857 540 1918 ratione
557 1860 712 1938 temporis
733 1860 768 1920 in
789 1861 883 1938 peius
904 1876 974 1919 esse
996 1863 1171 1916 mutatam.

198 1961 221 2019 1
222 1958 360 2019 amiam
370 1963 481 2017 restat
496 1964 534 2016 ut
543 1966 802 2038 praeceptorum,
815 1959 872 2037 qui
882 1977 933 2018 me
944 1975 1003 2035 per
1014 1960 1177 2033 quattuor

148 2079 281 2122 annos
297 2057 463 2119 doctrina
478 2064 579 2135 atque
592 2059 729 2120 consilio
743 2059 954 2128 adiuverunt,
972 2054 1177 2114 mentionem
1204 2047 1207 2052 ’

146 2162 307 2225 faciam.
361 2156 541 2237 Imprimis
564 2158 668 2237 igitur
689 2162 746 2221 Dr.
772 2161 801 2234 J.
828 2161 868 2219 D.
895 2156 1048 2234 Maguire
1063 2158 1096 2212 et
1113 2153 1173 2210 Dr.

146 2266 199 2329 G.
235 2266 289 2325 M.
319 2259 470 2335 Bolling
492 2259 616 2335 gratias
637 2280 701 2339 ago
723 2277 823 2338 quam
845 2257 1021 2327 maximas,
1046 2267 1179 2311 necnon

144 2370 217 2428 Dr.
238 2367 273 2441 J.
295 2360 454 2428 Shahan
470 2364 505 2418 et
529 2360 585 2419 Dr.
612 2363 657 2421 H.
684 2363 869 2435 Hyvernat,
895 2372 1039 2434 quorum
1061 2346 1183 2409 biblio-

146 2469 281 2529 thecae
298 2460 396 2523 mihi
414 2476 552 2535 semper
566 2462 734 2538 patebant.

467 2575 728 2655 Washingtonii,
755 2576 862 2633 Mens.
882 2567 1067 2631 Novembr.
1090 2576 1187 2633 1903.
