2592 4400
497 399 672 460 Ἥ-

109 583 134 625 2.
163 567 244 643 44);
289 565 576 628 Indemutabiliter
617 565 745 641 (Marc.
785 568 921 627 Mercat.
961 568 1073 629 Refut.

106 661 227 728 Theod.
246 666 359 742 symb.
382 686 418 727 12
430 666 460 743 );
479 666 694 728 lnefficaciter
712 667 863 743 (symm.
880 687 932 746 ap.
959 671 1006 729 M.
1033 669 1074 730 G.

108 767 150 826 H.
168 771 197 828 6.
213 766 310 845 epist.
329 773 358 828 6.
377 785 416 844 53
430 767 458 844 );
478 766 718 830 Medicinaliter
737 765 852 846 (Aug.
872 768 943 831 Civ.
968 769 1029 830 Dei
1045 787 1074 844 5.

106 884 122 941 5
147 866 238 942 init.)
266 869 358 946 Quae
387 885 463 929 cum
488 867 536 927 ita
558 857 638 940 sint,
668 868 832 946 quomodo
858 868 922 929 dici
946 875 1074 947 potest:

109 968 184 1044 “qu'
204 966 504 1033 Ennodiusou'’..
537 1018 543 1030 .
577 969 616 1030 .?

144 1066 221 1128 Alia
235 1087 314 1129 vero
329 1067 449 1128 adsunt
465 1068 547 1129 vitia
562 1069 596 1127 in
611 1087 650 1128 ea
665 1067 740 1129 libri
755 1075 848 1146 parte
864 1068 921 1129 ubi
933 1069 974 1130 de
985 1088 1075 1129 nom-

104 1166 212 1229 inibus
233 1174 266 1228 et
295 1167 403 1229 verbis
432 1175 603 1242 tractatur,
636 1186 777 1247 quorum
813 1187 917 1247 pauca
941 1176 1075 1230 annota-

104 1266 231 1329 bimus:

107 1401 142 1409 -
154 1387 186 1446 p.
208 1373 266 1428 106
280 1371 312 1429 :’'
332 1387 362 1444 3.
379 1387 474 1429 noms
488 1387 529 1428 en
544 1369 661 1429 arium.

144 1469 207 1528 Pas
221 1468 262 1528 de
274 1475 342 1528 mot
351 1468 534 1530 nouveaua
548 1469 728 1546 signaler.”
752 1469 841 1548 Quid
853 1470 893 1530 de
904 1470 1073 1542 olearium,

106 1569 245 1636 CLXII.
264 1570 306 1630 a?

104 1687 183 1746 -p.
206 1686 284 1746 107:
313 1671 333 1696 “
346 1669 552 1730 Diaconium.
577 1669 710 1747 Sulpice
724 1667 882 1733 severess’
924 1673 1074 1731 Iamvero

104 1769 131 1829 si
144 1768 261 1847 optimi
277 1769 402 1846 Sulpici
418 1769 530 1831 Severi
552 1768 680 1830 codices
701 1776 900 1848 spectentur,
926 1770 1076 1830 diacona-

103 1875 156 1930 tus
173 1865 240 1947 (ἅπ,
259 1872 313 1941 etp.
331 1869 419 1948 apud
445 1869 537 1947 Sulp.
562 1869 693 1945 Sever.)
722 1888 789 1929 non
815 1870 1002 1930 diaconium
1026 1877 1075 1930 est

102 1969 235 2030 omnino
249 1988 326 2030 vera
340 1969 447 2030 lectio.
473 1968 515 2030 cf.
533 1969 626 2047 Sulp.
643 1969 753 2033 Sever.
775 1969 879 2045 (edit.
898 1971 999 2030 Halm
1022 1989 1073 2048 ap.

104 2070 197 2148 Corp.
236 2070 356 2148 script.
388 2069 511 2136 Eccles.
541 2071 590 2147 I.)
622 2071 692 2130 Vit.
710 2071 743 2133 S.
770 2073 868 2131 Mart.
893 2090 964 2149 cap.
989 2090 1019 2147 5.
1045 2090 1073 2130 2.

104 2169 303 2233 Diaconatus
318 2170 451 2249 quidem
465 2169 633 2231 codicibus
664 2173 732 2233 MV
753 2170 921 2250 probatur,
947 2171 1076 2232 diacon·

102 2270 170 2331 ium
192 2278 305 2333 autem
327 2270 410 2332 AFv
435 2271 603 2332 codicibus
627 2290 763 2349 prorsus
784 2271 1005 2333 Inferioribus.
1030 2272 1073 2333 cf.

104 2372 214 2444 Halm,
233 2370 323 2437 Edit.
341 2372 433 2449 Sulp.
452 2371 576 2445 Seven,
594 2390 738 2449 prooem.
754 2391 787 2450 p.
804 2374 904 2433 VIII.

101 2491 181 2549 -p.
203 2492 283 2533 111:
312 2473 332 2498 “
345 2472 460 2533 Citons
475 2466 614 2532 d'abord
643 2489 689 2531 un
715 2471 938 2549 neologisme:
961 2491 1076 2550 paren-

102 2572 214 2633 tella.'’
251 2570 297 2631 At
313 2590 390 2632 vero
404 2572 584 2650 parentella
603 2571 821 2650 (parentela)
840 2572 974 2632 iamiam
989 2572 1077 2652 apud

103 2672 165 2732 lul.
185 2671 375 2750 capitolin„
394 2672 464 2733 Vit.
484 2672 641 2734 Gordian.
659 2679 734 2733 tert.
752 2691 780 2733 c.
799 2692 816 2732 2
839 2672 925 2732 circa
955 2672 1001 2732 fin
1020 2672 1073 2749 (c.

104 2789 140 2847 23
157 2772 289 2850 Bipont.
306 2772 406 2849 edit.)
424 2773 557 2850 legitur.

102 2901 138 2912 —
150 2877 227 2933 116:
256 2874 354 2939 “Les
368 2891 462 2932 noms
477 2891 517 2933 en
533 2872 580 2932 tio
595 2890 661 2949 que
675 2889 760 2932 nous
774 2872 879 2932 allons
900 2869 1075 2933 enumerer

102 2979 244 3047 peuvent
259 2974 329 3033 etre
344 2969 531 3033 consideres
546 2990 672 3032 comme
693 2972 751 3032 des
771 2969 1015 3049 particularites
1036 2971 1077 3030 de

102 3070 132 3130 la
145 3072 267 3150 langue
277 3070 488 3137 d’Ennodius
498 3089 541 3131 ou
550 3070 591 3131 de
601 3089 654 3132 ses
665 3072 948 3149 contemporains:
970 3120 977 3133 .
1010 3120 1017 3133 .
1050 3120 1058 3133 .

103 3166 410 3233 immurmurati0.”
459 3172 729 3232 Immurmuratio
751 3178 862 3231 autem
886 3170 974 3248 apud
996 3170 1075 3229 Am-

102 3271 257 3345 brosium,
276 3271 334 3349 qui
350 3270 435 3331 circa
449 3289 574 3331 annum
589 3288 652 3347 370
661 3270 784 3343 floruit,
796 3270 930 3330 iamiam
940 3269 1075 3346 legitur.

100 3372 141 3434 cl.
158 3372 314 3433 Ambros.
331 3370 427 3448 epist.
446 3376 496 3447 63.
513 3390 546 3431 n.
564 3375 614 3447 56.

100 3478 227 3534 -1161
256 3470 470 3531 “Abiuratio
492 3520 499 3534 .
532 3520 538 3532 .
572 3520 578 3533 .
597 3470 640 3530 cf.
660 3469 857 3547 Eugippius
870 3469 939 3529 Vit.
951 3468 985 3531 S.
998 3467 1074 3531 Sev.

103 3592 149 3635 11.
167 3575 246 3650 23·’'
283 3568 460 3629 Abiuratio
484 3570 590 3647 reipsa
604 3588 671 3629 non
687 3568 794 3629 solum
809 3569 880 3629 loco
904 3568 1005 3628 citato
1020 3567 1078 3627 sed
