2592 4400
637 419 771 473 ..3-

213 607 293 678 peut
315 617 502 677 remarquer
524 617 588 677 que
609 599 641 659 13
660 618 755 678 prose
777 598 936 675 d’Avitus
950 605 999 658 est
1017 599 1191 677 beaucoup

214 700 321 760 moins
360 699 455 760 facile
493 717 556 777 que
585 718 636 760 ses
665 718 748 760 vers.
809 701 857 766 La
888 699 1010 779 langue
1038 699 1190 776 rustique

214 818 399 860 commence
428 798 540 860 33113
568 798 738 878 employee
765 799 841 878 plus
869 797 1133 876 generalement:
1157 799 1192 858 la

214 898 336 976 langue
358 897 469 973 ecrite,
497 899 623 977 jalouse
648 899 689 960 de
714 918 748 959 se
773 897 904 977 separer
925 899 965 958 de
986 905 1071 959 cette
1093 917 1192 958 soeur

214 999 385 1072 naturelle,
404 999 525 1077 qu’elle
539 999 638 1071 renie,
657 1006 690 1060 et
705 1000 877 1077 craignant
893 999 1044 1076 toujours
1061 999 1191 1059 d’avoir

215 1117 293 1158 avec
308 1098 368 1158 elle
384 1098 525 1176 quelque
538 1098 774 1159 ressemblance
789 1098 846 1176 qui
861 1098 893 1157 13
907 1097 1155 1159 deshonorerait
1171 1097 1193 1158 a

214 1216 266 1258 ses
293 1216 428 1276 propres
456 1216 558 1272 yeux‚
591 1197 739 1258 s’efforce
768 1198 809 1258 de
830 1201 902 1258 s’en
923 1198 1118 1275 distinguer,
1146 1216 1193 1258 au

215 1297 326 1374 risque
354 1297 394 1358 de
408 1297 524 1375 perdre
554 1304 646 1358 toute
668 1296 844 1375 simplicite
872 1305 905 1358 et
931 1304 1024 1357 toute
1044 1296 1187 1358 313116.”

217 1398 301 1458 Cum
316 1416 394 1474 ergo
409 1397 450 1457 de
458 1397 499 1457 iis
509 1397 565 1475 qui
576 1397 707 1464 Ennodi
719 1405 865 1476 tempore
876 1397 977 1457 latine
986 1397 1190 1475 scripserint,

214 1496 399 1574 loquamur,
431 1501 632 1557 33111101131111
649 1498 736 1557 inter
749 1504 783 1557 et
811 1496 974 1557 scribendi
992 1514 1097 1574 genus
1115 1499 1194 1557 ²est

216 1596 497 1674 distinguendum.
544 1597 633 1657 Illud
647 1597 735 1657 enim
749 1581 887 1674 semper,
901 1597 964 1657 hoc
975 1615 1052 1658 vero
1066 1615 1141 1657 1310
1156 1597 1194 1656 in

215 1696 383 1774 scriptoris
398 1703 467 1756 erat
479 1696 625 1756 arbitrio.
651 1696 707 1763 Ex
718 1714 784 1774 quo
795 1697 945 1774 sequitur
956 1703 994 1756 ut
1004 1695 1191 1770 EnnodiuS,
1265 1729 1268 1733 ›

215 1796 244 1856 si
268 1802 386 1873 agatur
410 1795 450 1856 de
473 1796 663 1856 nominibus
685 1803 718 1856 et
742 1796 850 1857 verbis
873 1803 960 1857 recte
982 1795 1191 1870 adhibendis,

215 1915 282 1956 non
318 1913 488 1973 nunquam
526 1896 730 1970 Hieronymo
766 1896 808 1956 ad
849 1914 946 1956 usum
990 1896 1196 1974 optimorum

216 1996 413 2074 scriptorum
428 1996 563 2074 propius
578 1996 720 2056 accedat.

259 2095 343 2157 Cum
366 2096 470 2173 igitur
495 2115 547 2156 res
570 2096 617 2156 ita
640 2114 675 2156 se
698 2096 828 2170 habeat,
856 2096 890 2156 in
912 2115 1020 2156 errore
1041 2102 1198 2156 versatur

218 2195 425 2271 Mackailius,
439 2196 495 2275 qui
511 2196 669 2257 ε1311111ι8
697 2193 803 2258 “The
817 2216 896 2272 year
911 2216 983 2273 405,
995 2195 1105 2258 which
1120 2195 1196 2258 wit-

216 2296 332 2357 nessed
346 2297 390 2356 its
409 2295 491 2372 (the
506 2298 651 2373 Vulgate
666 2296 701 2356 of
722 2297 876 2374 Jerome)
901 2295 1105 2375 publication
1128 2297 1199 2356 and

217 2397 290 2457 that
314 2396 349 2456 of
372 2397 429 2457 the
452 2396 515 2456 last
539 2396 574 2456 of
596 2397 652 2457 the
674 2415 786 2474 poems
805 2396 840 2456 of
855 2396 1017 2458 Claudian
1032 2404 1067 2456 to
1081 2395 1198 2456 which

215 2516 265 2557 we
288 2516 349 2556 can
373 2497 483 2574 assign
508 2515 527 2556 a
549 2497 674 2557 certain
689 2497 775 2570 date,
793 2516 870 2571 may
884 2496 981 2556 claim
997 2503 1031 2556 to
1046 2496 1086 2556 be
1100 2496 1195 2570 held,

215 2596 243 2655 if
258 2615 323 2671 any
338 2596 471 2657 definite
493 2597 587 2674 point
609 2596 637 2656 is
660 2603 694 2656 to
715 2597 755 2656 be
777 2596 878 2669 fixed,
902 2615 938 2656 as
960 2596 1114 2673 marking
1137 2597 1201 2657 the

215 2696 279 2757 end
294 2696 329 2756 of
344 2697 400 2757 the
415 2697 545 2757 ancient
560 2697 625 2756 and
640 2697 697 2757 the
711 2698 872 2775 complete
887 2696 1137 2757 establishment
1160 2698 1201 2757 of

216 2796 395 2857 mediaeval
411 2796 547 2863 Latin.”
595 2799 696 2857 Recte
711 2804 823 2857 autem
844 2796 999 2875 Ampere,
1024 2814 1100 2856 cum
1122 2815 1202 2857 sen-

216 2895 355 2956 tentiam
378 2896 418 2955 de
443 2895 595 2962 Ennodio
618 2896 784 2974 11101311ε4
812 2899 832 2924 “
846 2898 891 2958 Ce
915 2897 972 2974 qui
1002 2896 1129 2974 frappe,
1154 2917 1203 2957 en

216 3003 415 3074 parcourant
441 2996 489 3056 les
512 3014 643 3058 oeuvres
658 2997 699 3056 de
713 3003 765 3057 cet
780 2997 912 3057 homme
926 2997 984 3074 qui
1007 3016 1026 3055 a
1047 2994 1127 3074 joue
1150 3016 1204 3058 un

215 3094 285 3157 rble
299 3095 478 3173 important
493 3094 513 3156 ὲ
527 3096 559 3156 13
574 3098 642 3157 tete
657 3096 760 3157 d’une
774 3097 832 3157 des
846 3097 987 3174 grandes
1003 3081 1135 3173 liglises
1157 3100 1206 3160 de

215 3213 275 3256 son
290 3201 406 3273 temps,
424 3198 508 3255 c'est
530 3195 570 3256 de
595 3194 763 3256 trouvera
784 3196 911 3275 chaque
933 3216 1027 3275 page,
1053 3196 1138 3258 dans
1163 3219 1207 3260 sa

246 3375 382 3441 1llnglice
398 3376 518 3429 diction.

246 3458 383 3526 ²Anglice
399 3460 482 3527 style.

245 3542 299 3596 ³cfi
313 3544 340 3608 J.
358 3544 400 3595 W.
419 3542 556 3608 Machail,
573 3544 664 3597 Latin
679 3543 852 3608 Literature‚
869 3545 939 3597 New
955 3544 1043 3608 York,
1065 3547 1174 3609 (1899
1184 3553 1211 3617 ),

216 3643 266 3694 pp.
280 3628 347 3690 278,
360 3628 428 3679 279.

246 3708 300 3762 ⁴cf.
317 3711 445 3777 Ampere,
459 3711 536 3764 Hist.
549 3711 621 3764 Litt.
634 3718 707 3763 tom.
720 3727 773 3762 sec.
785 3710 830 3763 ch.
843 3712 906 3764 vn.
918 3729 946 3777 p.
966 3713 1032 3763 196.
