2592 4400
367 777 375 792 '
396 795 747 871 PRAEFAT10.¹

115 1103 205 1164 Mihi
237 1103 374 1181 quidem
402 1122 569 1182 exponere
598 1101 722 1163 volenti
750 1117 851 1179 quam
881 1116 986 1178 usque
1014 1102 1057 1163 ad

71 1209 219 1264 aetatem
236 1203 383 1270 Litterae
405 1206 574 1264 Romanae
595 1201 684 1280 apud
705 1207 853 1280 posteros
873 1199 980 1278 reipsa
1001 1202 1056 1264 de-

72 1304 241 1377 venerint,
274 1302 417 1376 videtur,
442 1302 506 1364 hoc
529 1303 640 1381 ipsum
661 1300 748 1362 effici
768 1317 864 1380 posse
888 1318 1055 1379 compara-

72 1403 199 1464 tionem
216 1401 411 1469 Ennodium
425 1403 512 1464 inter
526 1409 559 1462 et
576 1403 819 1477 Hieronymum
831 1400 873 1461 ad
883 1401 1056 1462 nominum

71 1501 322 1580 verborumque
351 1519 449 1563 usum
477 1502 696 1580 pertinentem
727 1499 941 1562 instituendo.
988 1500 1054 1568 En-

70 1601 214 1662 nodium
239 1600 393 1679 equidem
416 1608 449 1662 et
477 1601 720 1677 Hieronymum
749 1599 900 1674 adhibeo,
932 1602 1056 1681 quippe

71 1703 129 1779 qui
145 1702 278 1780 optime
286 1701 446 1762 sermonis
456 1701 599 1762 indolem
608 1709 754 1780 tempore
763 1719 829 1780 quo
839 1701 1051 1780 scripserunt,

69 1801 251 1881 effingant.
299 1802 447 1863 Primum
482 1802 586 1880 igitur
621 1803 649 1863 si
686 1803 858 1881 utn'usque
886 1803 1055 1882 scriptoris

71 1909 246 1979 spectetur
269 1901 433 1976 syntaxis,
458 1901 543 1962 nihil
565 1908 623 1962 aut
645 1921 713 1962 non
727 1902 796 1963 fere
810 1901 954 1962 multum
967 1902 1055 1964 inter

68 2021 103 2062 se
118 2001 298 2062 differunt.
344 2001 380 2064 Si
408 2008 520 2062 autem
547 2021 592 2062 ex
622 2020 689 2062 una
702 2009 796 2080 parte
824 2001 865 2062 de
890 2000 1053 2063 scribendi

70 2114 194 2179 genere
210 2107 344 2179 agatur,
365 2101 589 2177 Hieronymus
604 2101 738 2162 omnino
759 2101 886 2180 peritus
907 2101 973 2161 fuit
994 2102 1053 2180 qui

71 2203 234 2268 Ennodio
248 2201 354 2262 multo
368 2202 552 2280 elegantius
567 2202 669 2264 latine
683 2201 857 2264 scriberet:
875 2208 910 2263 at
922 2193 1001 2263 'vero
1009 2222 1055 2263 ex

70 2306 177 2365 altera
192 2309 291 2381 parte
305 2302 333 2363 si
347 2302 388 2363 de
402 2303 573 2364 nominum
587 2303 827 2381 verborumque
842 2319 905 2363 usu
920 2320 1054 2380 quaera-

69 2412 136 2477 tur,
171 2402 352 2469 Ennodius
381 2402 585 2477 Hieronymo
606 2402 712 2463 multo
730 2401 866 2480 propius
887 2400 929 2461 ad
950 2418 1056 2479 genus

68 2505 281 2582 optimorum
316 2502 512 2580 scriptorum
541 2501 676 2563 accedit.
722 2503 875 2580 Namque
903 2520 992 2575 vero,
1017 2508 1055 2563 ut

68 2603 195 2682 Vogeli
235 2601 335 2663 verba
369 2608 481 2663 nostra
510 2602 708 2663 iaciamus:²
752 2603 881 2661 “Denn
909 2619 946 2663 so
980 2601 1057 2663 sehr

68 2724 103 2764 er
145 2702 213 2779 (sc.
255 2700 445 2779 Ennodius)
484 2701 569 2762 auch
613 2701 649 2761 in
694 2701 1055 2779 Geschmachlosigkeit

67 2803 249 2880 schwelgt,
283 2801 343 2861 mit
372 2801 429 2862 der
460 2801 668 2864 Grammatik
697 2800 795 2861 sucht
822 2821 859 2861 er
886 2801 971 2862 doch
997 2802 1056 2861 aui

67 2902 286 2965 friedlichem
301 2900 404 2963 Fusse
418 2918 460 2961 zu
475 2900 627 2963 stehen.''
676 2900 730 2961 Ad
745 2920 814 2961 rem
834 2902 935 2963 etiam
956 2901 1056 2963 verba

1 3029 2 3033 ¹
67 3002 224 3082 Ampere
237 3003 264 3061 :⁸
317 3000 401 3068 “En
415 2999 561 3079 general,
579 3000 850 3080 acetteepoque,
868 3002 900 3062 la
921 3002 1053 3079 langue,

65 3109 209 3165 surtout
225 3102 259 3161 la
273 3118 378 3179 prose,
396 3101 528 3163 devient
542 3100 674 3162 difficile
689 3099 709 3161 a
722 3101 898 3163 entendre:
921 3099 998 3179 deju
1012 3120 1056 3162 on

65 3220 202 3229 ---

97 3267 223 3319 ¹Modo
243 3265 335 3331 recepi
351 3282 424 3332 opus
450 3266 633 3332 inscriptum:
666 3267 711 3319 La
726 3267 856 3319 Latinite
871 3265 1056 3319 D'Ennodius

65 3369 123 3418 par
146 3348 302 3414 Angustia
324 3347 433 3399 Dubois
448 3349 556 3412 (Paris,
580 3348 768 3413 Klinclrsieck,
797 3347 978 3411 1903).-ef.
1001 3349 1057 3417 Ap-

65 3434 235 3501 pendicem.

95 3517 154 3571 ²cf.
192 3515 244 3567 Fr.
267 3513 356 3580 Vogel
379 3531 425 3580 ap.
442 3514 594 3567 Woelfflini
609 3515 723 3568 Archiv.
739 3515 800 3568 iuer
815 3517 883 3569 Lat.
905 3514 1054 3581 Lexicogr.

64 3603 328 3747 Iipe-twssnpere,
341 3679 417 3731 Hist.
430 3679 502 3731 Litt.
515 3686 587 3733 tom.
600 3698 654 3734 sec.
665 3698 728 3747 cap.
741 3682 804 3733 VII.
822 3699 849 3748 p.
869 3682 934 3731 198.

568 3774 580 3812 7
